RIC NAME,GMT DATE, GMT TIME ,Asia/Shanghai DATE ,Asia/Shanghai TIME ,ASK,BID,CCY1,COUPN_RATE,DSPLY_NAME,MATUR_DATE,OFFCL_CODE,YTM_ASK,YTM_BID
AMBMBRM-01M,03-Dec-2010,03:00:20,03-Dec-2010,11:00:20,2.8,2.85,-,NaN,CNBB 0.00 Jan 11,0,CND1000034D4,2.8,2.85
AMBMBRM-01M,03-Dec-2010,06:45:39,03-Dec-2010,14:45:39,2.8,2.85,-,NaN,CNBB 0.00 Jan 11,0,CND1000034D4,2.8,2.85
AMBMBRM-01M,03-Dec-2010,06:45:39,03-Dec-2010,14:45:39,2.8,2.85,-,NaN,CNBB 0.00 Jan 11,0,CND1000034D4,2.8,2.85
AMBMBRM-01M,03-Dec-2010,06:45:39,03-Dec-2010,14:45:39,2.8,2.85,-,NaN,CNBB 0.00 Jan 11,0,CND1000034D4,2.8,2.85
AMBMBRM-01M,03-Dec-2010,06:45:39,03-Dec-2010,14:45:39,2.8,2.85,-,NaN,CNBB 0.00 Jan 11,0,CND1000034D4,2.8,2.85
AMBMBRM-01M,03-Dec-2010,06:45:39,03-Dec-2010,14:45:39,2.8,2.85,-,NaN,CNBB 0.00 Jan 11,0,CND1000034D4,2.8,2.85
AMBMBRM-01M,03-Dec-2010,06:45:40,03-Dec-2010,14:45:40,2.8,2.85,-,NaN,CNBB 0.00 Jan 11,0,CND1000034D4,2.8,2.85
AMBMBRM-01M,03-Dec-2010,06:45:40,03-Dec-2010,14:45:40,2.8,2.85,-,NaN,CNBB 0.00 Jan 11,0,CND1000034D4,2.8,2.85
AMBMBRM-01M,03-Dec-2010,06:45:40,03-Dec-2010,14:45:40,2.8,2.85,-,NaN,CNBB 0.00 Jan 11,0,CND1000034D4,2.8,2.85
AMBMBRM-01M,03-Dec-2010,12:17:53,03-Dec-2010,20:17:53,2.8,2.85,-,NaN,CNBB 0.00 Jan 11,0,CND1000034D4,2.8,2.85
AMBMBRM-01M,03-Dec-2010,13:32:53,03-Dec-2010,21:32:53,2.8,2.85,-,NaN,CNBB 0.00 Jan 11,0,CND1000034D4,2.8,2.85
AMBMBRM-01M,06-Dec-2010,05:59:02,06-Dec-2010,13:59:02,2.8,2.85,-,NaN,CNBB 0.00 Jan 11,0,CND1000034D4,2.8,2.85
AMBMBRM-01M,06-Dec-2010,05:59:02,06-Dec-2010,13:59:02,2.8,2.85,-,NaN,CNBB 0.00 Jan 11,0,CND1000034D4,2.8,2.85
AMBMBRM-01M,06-Dec-2010,05:59:02,06-Dec-2010,13:59:02,2.8,2.85,-,NaN,CNBB 0.00 Jan 11,0,CND1000034D4,2.8,2.85
AMBMBRM-01M,06-Dec-2010,05:59:02,06-Dec-2010,13:59:02,2.8,2.85,-,NaN,CNBB 0.00 Jan 11,0,CND1000034D4,2.8,2.85
AMBMBRM-01M,06-Dec-2010,05:59:02,06-Dec-2010,13:59:02,2.8,2.85,-,NaN,CNBB 0.00 Jan 11,0,CND1000034D4,2.8,2.85
AMBMBRM-01M,06-Dec-2010,05:59:02,06-Dec-2010,13:59:02,2.8,2.85,-,NaN,CNBB 0.00 Jan 11,0,CND1000034D4,2.8,2.85
AMBMBRM-01M,06-Dec-2010,05:59:02,06-Dec-2010,13:59:02,2.8,2.85,-,NaN,CNBB 0.00 Jan 11,0,CND1000034D4,2.8,2.85
AMBMBRM-01M,06-Dec-2010,05:59:02,06-Dec-2010,13:59:02,2.8,2.85,-,NaN,CNBB 0.00 Jan 11,0,CND1000034D4,2.8,2.85
AMBMBRM-01M,06-Dec-2010,11:36:14,06-Dec-2010,19:36:14,2.8,2.85,-,NaN,CNBB 0.00 Jan 11,0,CND1000034D4,2.8,2.85
AMBMBRM-01M,06-Dec-2010,13:32:49,06-Dec-2010,21:32:49,2.8,2.85,-,NaN,CNBB 0.00 Jan 11,0,CND1000034D4,2.8,2.85
AMBMBRM-01M,07-Dec-2010,02:15:37,07-Dec-2010,10:15:37,2.8,2.85,-,NaN,CNBB 0.00 Jan 11,0,CND1000034D4,2.8,2.85
AMBMBRM-01M,07-Dec-2010,02:15:37,07-Dec-2010,10:15:37,2.8,2.85,-,NaN,CNBB 0.00 Jan 11,0,CND1000034D4,2.8,2.85
AMBMBRM-01M,07-Dec-2010,02:15:37,07-Dec-2010,10:15:37,2.8,2.85,-,NaN,CNBB 0.00 Jan 11,0,CND1000034D4,2.8,2.85
AMBMBRM-01M,07-Dec-2010,02:15:37,07-Dec-2010,10:15:37,2.8,2.85,-,NaN,CNBB 0.00 Jan 11,0,CND1000034D4,2.8,2.85
AMBMBRM-01M,07-Dec-2010,02:15:37,07-Dec-2010,10:15:37,2.8,2.85,-,NaN,CNBB 0.00 Jan 11,0,CND1000034D4,2.8,2.85
AMBMBRM-01M,07-Dec-2010,02:15:37,07-Dec-2010,10:15:37,2.8,2.85,-,NaN,CNBB 0.00 Jan 11,0,CND1000034D4,2.8,2.85
AMBMBRM-01M,07-Dec-2010,02:15:37,07-Dec-2010,10:15:37,2.8,2.85,-,NaN,CNBB 0.00 Jan 11,0,CND1000034D4,2.8,2.85
AMBMBRM-01M,07-Dec-2010,02:15:37,07-Dec-2010,10:15:37,2.8,2.85,-,NaN,CNBB 0.00 Jan 11,0,CND1000034D4,2.8,2.85
AMBMBRM-01M,07-Dec-2010,05:41:49,07-Dec-2010,13:41:49,2.8,2.85,-,NaN,CNBB 0.00 Jan 11,0,CND1000034D4,2.8,2.85
AMBMBRM-01M,07-Dec-2010,05:41:49,07-Dec-2010,13:41:49,2.8,2.85,-,NaN,CNBB 0.00 Jan 11,0,CND1000034D4,2.8,2.85
AMBMBRM-01M,07-Dec-2010,05:41:49,07-Dec-2010,13:41:49,2.8,2.85,-,NaN,CNBB 0.00 Jan 11,0,CND1000034D4,2.8,2.85
AMBMBRM-01M,07-Dec-2010,05:41:49,07-Dec-2010,13:41:49,2.8,2.85,-,NaN,CNBB 0.00 Jan 11,0,CND1000034D4,2.8,2.85
AMBMBRM-01M,07-Dec-2010,05:41:49,07-Dec-2010,13:41:49,2.8,2.85,-,NaN,CNBB 0.00 Jan 11,0,CND1000034D4,2.8,2.85
AMBMBRM-01M,07-Dec-2010,05:41:49,07-Dec-2010,13:41:49,2.8,2.85,-,NaN,CNBB 0.00 Jan 11,0,CND1000034D4,2.8,2.85
AMBMBRM-01M,07-Dec-2010,05:41:49,07-Dec-2010,13:41:49,2.8,2.85,-,NaN,CNBB 0.00 14-Jan,0,CND1000034D4,2.8,2.85
AMBMBRM-01M,07-Dec-2010,05:41:50,07-Dec-2010,13:41:50,2.8,2.85,-,NaN,CNBB 0.00 14-Jan,0,CND1000034D4,2.8,2.85
AMBMBRM-01M,08-Dec-2010,08:43:11,08-Dec-2010,16:43:11,2.8,2.85,-,NaN,CNBB 0.00 14-Jan,0,CND1000034D4,2.8,2.85
AMBMBRM-01M,08-Dec-2010,08:43:11,08-Dec-2010,16:43:11,2.8,2.85,-,NaN,CNBB 0.00 14-Jan,0,CND1000034D4,2.8,2.85
AMBMBRM-01M,08-Dec-2010,08:43:11,08-Dec-2010,16:43:11,2.8,2.85,-,NaN,CNBB 0.00 14-Jan,0,CND1000034D4,2.8,2.85
AMBMBRM-01M,08-Dec-2010,08:43:12,08-Dec-2010,16:43:12,2.8,2.85,-,NaN,CNBB 0.00 14-Jan,0,CND1000034D4,2.8,2.85
AMBMBRM-01M,08-Dec-2010,08:43:12,08-Dec-2010,16:43:12,2.8,2.85,-,NaN,CNBB 0.00 14-Jan,0,CND1000034D4,2.8,2.85
AMBMBRM-01M,08-Dec-2010,08:43:12,08-Dec-2010,16:43:12,2.8,2.85,-,NaN,CNBB 0.00 14-Jan,0,CND1000034D4,2.8,2.85
AMBMBRM-01M,08-Dec-2010,08:43:12,08-Dec-2010,16:43:12,2.8,2.85,-,NaN,CNBB 0.00 14-Jan,0,CND1000034D4,2.8,2.85
AMBMBRM-01M,08-Dec-2010,08:43:12,08-Dec-2010,16:43:12,2.8,2.85,-,NaN,CNBB 0.00 14-Jan,0,CND1000034D4,2.8,2.85
AMBMBRM-01M,08-Dec-2010,13:02:40,08-Dec-2010,21:02:40,2.8,2.85,-,NaN,CNBB 0.00 14-Jan,0,CND1000034D4,2.8,2.85
AMBMBRM-01M,08-Dec-2010,17:33:00,09-Dec-2010,01:33:00,2.8,2.85,-,NaN,CNBB 0.00 14-Jan,0,CND1000034D4,2.8,2.85
AMBMBRM-01M,08-Dec-2010,23:55:10,09-Dec-2010,07:55:10,2.8,2.85,-,NaN,CNBB 0.00 14-Jan,0,CND1000034D4,2.8,2.85
AMBMBRM-01M,09-Dec-2010,02:20:08,09-Dec-2010,10:20:08,2.8,2.85,-,NaN,CNBB 0.00 14-Jan,0,CND1000034D4,2.8,2.85
AMBMBRM-01M,09-Dec-2010,07:55:08,09-Dec-2010,15:55:08,2.8,2.85,-,NaN,CNBB 0.00 14-Jan,0,CND1000034D4,2.8,2.85
AMBMBRM-01M,09-Dec-2010,07:55:08,09-Dec-2010,15:55:08,2.8,2.85,-,NaN,CNBB 0.00 14-Jan,0,CND1000034D4,2.8,2.85
AMBMBRM-01M,09-Dec-2010,07:55:08,09-Dec-2010,15:55:08,2.8,2.85,-,NaN,CNBB 0.00 14-Jan,0,CND1000034D4,2.8,2.85
AMBMBRM-01M,09-Dec-2010,07:55:08,09-Dec-2010,15:55:08,2.8,2.85,-,NaN,CNBB 0.00 14-Jan,0,CND1000034D4,2.8,2.85
AMBMBRM-01M,09-Dec-2010,07:55:08,09-Dec-2010,15:55:08,2.8,2.85,-,NaN,CNBB 0.00 14-Jan,0,CND1000034D4,2.8,2.85
AMBMBRM-01M,09-Dec-2010,07:55:08,09-Dec-2010,15:55:08,2.8,2.85,-,NaN,CNBB 0.00 14-Jan,0,CND1000034D4,2.8,2.85
AMBMBRM-01M,09-Dec-2010,07:55:08,09-Dec-2010,15:55:08,2.8,2.85,-,NaN,CNBB 0.00 14-Jan,0,CND1000034D4,2.8,2.85
AMBMBRM-01M,09-Dec-2010,07:55:09,09-Dec-2010,15:55:09,2.8,2.85,-,NaN,CNBB 0.00 14-Jan,0,CND1000034D4,2.8,2.85
AMBMBRM-01M,10-Dec-2010,03:10:11,10-Dec-2010,11:10:11,2.8,2.85,-,NaN,CNBB 0.00 14-Jan,0,CND1000034D4,2.8,2.85
AMBMBRM-01M,10-Dec-2010,03:10:11,10-Dec-2010,11:10:11,2.8,2.85,-,NaN,CNBB 0.00 14-Jan,0,CND1000034D4,2.8,2.85
AMBMBRM-01M,10-Dec-2010,03:28:40,10-Dec-2010,11:28:40,2.8,2.85,-,NaN,CNBB  ,0,CND1000034D4,2.8,2.85
AMBMBRM-01M,10-Dec-2010,03:28:40,10-Dec-2010,11:28:40,2.8,2.85,-,NaN,CNBB 0.00 14-Jan,0,CND1000034D4,2.8,2.85
AMBMBRM-01M,10-Dec-2010,08:31:23,10-Dec-2010,16:31:23,2.8,2.85,-,NaN,CNBB 0.00 14-Jan,0,CND1000034D4,2.8,2.85
AMBMBRM-01M,10-Dec-2010,08:31:23,10-Dec-2010,16:31:23,2.8,2.85,-,NaN,CNBB 0.00 14-Jan,0,CND1000034D4,2.8,2.85
AMBMBRM-01M,10-Dec-2010,08:31:23,10-Dec-2010,16:31:23,2.8,2.85,-,NaN,CNBB 0.00 14-Jan,0,CND1000034D4,2.8,2.85
AMBMBRM-01M,10-Dec-2010,08:31:23,10-Dec-2010,16:31:23,2.8,2.85,-,NaN,CNBB 0.00 14-Jan,0,CND1000034D4,2.8,2.85
AMBMBRM-01M,10-Dec-2010,08:31:23,10-Dec-2010,16:31:23,2.8,2.85,-,NaN,CNBB 0.00 14-Jan,0,CND1000034D4,2.8,2.85
AMBMBRM-01M,10-Dec-2010,08:31:23,10-Dec-2010,16:31:23,2.8,2.85,-,NaN,CNBB 0.00 14-Jan,0,CND1000034D4,2.8,2.85
AMBMBRM-01M,10-Dec-2010,08:31:23,10-Dec-2010,16:31:23,2.8,2.85,-,NaN,CNBB 0.00 14-Jan,0,CND1000034D4,2.8,2.85
AMBMBRM-01M,10-Dec-2010,08:31:24,10-Dec-2010,16:31:24,2.8,2.85,-,NaN,CNBB 0.00 14-Jan,0,CND1000034D4,2.8,2.85
AMBMBRM-01M,13-Dec-2010,02:22:35,13-Dec-2010,10:22:35,2.8,2.85,-,NaN,CNBB 0.00 14-Jan,0,CND1000034D4,2.8,2.85
AMBMBRM-01M,13-Dec-2010,06:03:31,13-Dec-2010,14:03:31,2.8,2.85,-,NaN,CNBB 0.00 14-Jan,0,CND1000034D4,2.8,2.85
AMBMBRM-01M,13-Dec-2010,06:03:31,13-Dec-2010,14:03:31,2.8,2.85,-,NaN,CNBB 0.00 14-Jan,0,CND1000034D4,2.8,2.85
AMBMBRM-01M,13-Dec-2010,06:03:31,13-Dec-2010,14:03:31,2.8,2.85,-,NaN,CNBB 0.00 14-Jan,0,CND1000034D4,2.8,2.85
AMBMBRM-01M,13-Dec-2010,06:03:31,13-Dec-2010,14:03:31,2.8,2.85,-,NaN,CNBB 0.00 14-Jan,0,CND1000034D4,2.8,2.85
AMBMBRM-01M,13-Dec-2010,06:03:31,13-Dec-2010,14:03:31,2.8,2.85,-,NaN,CNBB 0.00 14-Jan,0,CND1000034D4,2.8,2.85
AMBMBRM-01M,13-Dec-2010,06:03:31,13-Dec-2010,14:03:31,2.8,2.85,-,NaN,CNBB 0.00 14-Jan,0,CND1000034D4,2.8,2.85
AMBMBRM-01M,13-Dec-2010,06:03:31,13-Dec-2010,14:03:31,2.8,2.85,-,NaN,CNBB 0.00 14-Jan,0,CND1000034D4,2.8,2.85
AMBMBRM-01M,13-Dec-2010,06:03:32,13-Dec-2010,14:03:32,2.8,2.85,-,NaN,CNBB 0.00 14-Jan,0,CND1000034D4,2.8,2.85
AMBMBRM-01M,14-Dec-2010,03:14:22,14-Dec-2010,11:14:22,2.8,2.85,-,NaN,CNBB 0.00 14-Jan,0,CND1000034D4,2.8,2.85
AMBMBRM-01M,14-Dec-2010,03:14:22,14-Dec-2010,11:14:22,2.8,2.85,-,NaN,CNBB 0.00 14-Jan,0,CND1000034D4,2.8,2.85
AMBMBRM-01M,14-Dec-2010,03:14:22,14-Dec-2010,11:14:22,2.8,2.85,-,NaN,CNBB 0.00 14-Jan,0,CND1000034D4,2.8,2.85
AMBMBRM-01M,14-Dec-2010,03:14:22,14-Dec-2010,11:14:22,2.8,2.85,-,NaN,CNBB 0.00 14-Jan,0,CND1000034D4,2.8,2.85
AMBMBRM-01M,14-Dec-2010,03:14:22,14-Dec-2010,11:14:22,2.8,2.85,-,NaN,CNBB 0.00 14-Jan,0,CND1000034D4,2.8,2.85
AMBMBRM-01M,14-Dec-2010,03:14:22,14-Dec-2010,11:14:22,2.8,2.85,-,NaN,CNBB 0.00 14-Jan,0,CND1000034D4,2.8,2.85
AMBMBRM-01M,14-Dec-2010,03:14:22,14-Dec-2010,11:14:22,2.8,2.85,-,NaN,CNBB 0.00 14-Jan,0,CND1000034D4,2.8,2.85
AMBMBRM-01M,14-Dec-2010,03:14:22,14-Dec-2010,11:14:22,2.8,2.85,-,NaN,CNBB 0.00 14-Jan,0,CND1000034D4,2.8,2.85
AMBMBRM-01M,14-Dec-2010,05:32:29,14-Dec-2010,13:32:29,2.8,2.85,-,NaN,CNBB 0.00 14-Jan,0,CND1000034D4,2.8,2.85
AMBMBRM-01M,15-Dec-2010,05:26:45,15-Dec-2010,13:26:45,2.8,3.0,-,NaN,CNBB 0.00 14-Jan,0,CND1000034D4,2.8,3.0
AMBMBRM-01M,15-Dec-2010,05:26:45,15-Dec-2010,13:26:45,2.8,3.0,-,NaN,CNBB 0.00 14-Jan,0,CND1000034D4,2.8,3.0
AMBMBRM-01M,15-Dec-2010,05:26:47,15-Dec-2010,13:26:47,2.9,3.0,-,NaN,CNBB 0.00 14-Jan,0,CND1000034D4,2.9,3.0
AMBMBRM-01M,15-Dec-2010,05:26:47,15-Dec-2010,13:26:47,2.9,3.0,-,NaN,CNBB 0.00 14-Jan,0,CND1000034D4,2.9,3.0
AMBMBRM-01M,16-Dec-2010,03:00:26,16-Dec-2010,11:00:26,2.9,3.0,-,NaN,CNBB 0.00 14-Jan,0,CND1000034D4,2.9,3.0
AMBMBRM-01M,17-Dec-2010,02:52:31,17-Dec-2010,10:52:31,2.9,3.0,-,NaN,CNBB 0.00 14-Jan,0,CND1000034D4,2.9,3.0
AMBMBRM-01M,17-Dec-2010,02:52:31,17-Dec-2010,10:52:31,2.9,3.0,-,NaN,CNBB 0.00 14-Jan,0,CND1000034D4,2.9,3.0
AMBMBRM-01M,17-Dec-2010,02:52:31,17-Dec-2010,10:52:31,2.9,3.0,-,NaN,CNBB 0.00 14-Jan,0,CND1000034D4,2.9,3.0
AMBMBRM-01M,17-Dec-2010,02:52:31,17-Dec-2010,10:52:31,2.9,3.0,-,NaN,CNBB 0.00 14-Jan,0,CND1000034D4,2.9,3.0
AMBMBRM-01M,17-Dec-2010,02:52:31,17-Dec-2010,10:52:31,2.9,3.0,-,NaN,CNBB 0.00 14-Jan,0,CND1000034D4,2.9,3.0
AMBMBRM-01M,17-Dec-2010,02:52:31,17-Dec-2010,10:52:31,2.9,3.0,-,NaN,CNBB 0.00 14-Jan,0,CND1000034D4,2.9,3.0
AMBMBRM-01M,17-Dec-2010,02:52:32,17-Dec-2010,10:52:32,2.9,3.0,-,NaN,CNBB 0.00 14-Jan,0,CND1000034D4,2.9,3.0
AMBMBRM-01M,17-Dec-2010,02:52:32,17-Dec-2010,10:52:32,2.9,3.0,-,NaN,CNBB 0.00 14-Jan,0,CND1000034D4,2.9,3.0
AMBMBRM-01M,17-Dec-2010,02:52:35,17-Dec-2010,10:52:35,2.9,3.2,-,NaN,CNBB 0.00 14-Jan,0,CND1000034D4,2.9,3.2
AMBMBRM-01M,17-Dec-2010,02:52:35,17-Dec-2010,10:52:35,2.9,3.2,-,NaN,CNBB 0.00 14-Jan,0,CND1000034D4,2.9,3.2
AMBMBRM-01M,17-Dec-2010,02:52:37,17-Dec-2010,10:52:37,3.1,3.2,-,NaN,CNBB 0.00 14-Jan,0,CND1000034D4,3.1,3.2
AMBMBRM-01M,17-Dec-2010,02:52:37,17-Dec-2010,10:52:37,3.1,3.2,-,NaN,CNBB 0.00 14-Jan,0,CND1000034D4,3.1,3.2
AMBMBRM-01M,21-Dec-2010,00:32:57,21-Dec-2010,08:32:57,3.1,3.2,-,NaN,CNBB 0.00 28-Jan,0,CND100003649,3.1,3.2
AMBMBRM-01M,21-Dec-2010,00:32:57,21-Dec-2010,08:32:57,3.1,3.2,-,NaN,CNBB 0.00 28-Jan,0,CND100003649,3.1,3.2
AMBMBRM-01M,21-Dec-2010,00:32:57,21-Dec-2010,08:32:57,3.1,3.2,-,NaN,CNBB 0.00 28-Jan,0,CND100003649,3.1,3.2
AMBMBRM-01M,21-Dec-2010,00:32:57,21-Dec-2010,08:32:57,3.1,3.2,-,NaN,CNBB 0.00 28-Jan,0,CND100003649,3.1,3.2
AMBMBRM-01M,21-Dec-2010,00:32:57,21-Dec-2010,08:32:57,3.1,3.2,-,NaN,CNBB 0.00 28-Jan,0,CND100003649,3.1,3.2
AMBMBRM-01M,21-Dec-2010,00:32:57,21-Dec-2010,08:32:57,3.1,3.2,-,NaN,CNBB 0.00 28-Jan,0,CND100003649,3.1,3.2
AMBMBRM-01M,21-Dec-2010,00:32:57,21-Dec-2010,08:32:57,3.1,3.2,-,NaN,CNBB 0.00 28-Jan,0,CND100003649,3.1,3.2
AMBMBRM-01M,21-Dec-2010,00:32:58,21-Dec-2010,08:32:58,3.1,3.2,-,NaN,CNBB 0.00 28-Jan,0,CND100003649,3.1,3.2
AMBMBRM-01M,21-Dec-2010,05:34:33,21-Dec-2010,13:34:33,3.1,3.3,-,NaN,CNBB 0.00 28-Jan,0,CND100003649,3.1,3.3
AMBMBRM-01M,21-Dec-2010,05:34:33,21-Dec-2010,13:34:33,3.1,3.3,-,NaN,CNBB 0.00 28-Jan,0,CND100003649,3.1,3.3
AMBMBRM-01M,21-Dec-2010,05:34:35,21-Dec-2010,13:34:35,3.2,3.3,-,NaN,CNBB 0.00 28-Jan,0,CND100003649,3.2,3.3
AMBMBRM-01M,21-Dec-2010,05:34:35,21-Dec-2010,13:34:35,3.2,3.3,-,NaN,CNBB 0.00 28-Jan,0,CND100003649,3.2,3.3
AMBMBRM-01M,22-Dec-2010,09:01:16,22-Dec-2010,17:01:16,3.2,3.3,-,NaN,CNBB 0.00 28-Jan,0,CND100003649,3.2,3.3
AMBMBRM-01M,22-Dec-2010,09:01:16,22-Dec-2010,17:01:16,3.2,3.3,-,NaN,CNBB 0.00 28-Jan,0,CND100003649,3.2,3.3
AMBMBRM-01M,22-Dec-2010,09:01:16,22-Dec-2010,17:01:16,3.2,3.3,-,NaN,CNBB 0.00 28-Jan,0,CND100003649,3.2,3.3
AMBMBRM-01M,22-Dec-2010,09:01:17,22-Dec-2010,17:01:17,3.2,3.3,-,NaN,CNBB 0.00 28-Jan,0,CND100003649,3.2,3.3
AMBMBRM-01M,22-Dec-2010,09:01:17,22-Dec-2010,17:01:17,3.2,3.3,-,NaN,CNBB 0.00 28-Jan,0,CND100003649,3.2,3.3
AMBMBRM-01M,22-Dec-2010,09:01:17,22-Dec-2010,17:01:17,3.2,3.3,-,NaN,CNBB 0.00 28-Jan,0,CND100003649,3.2,3.3
AMBMBRM-01M,22-Dec-2010,09:01:17,22-Dec-2010,17:01:17,3.2,3.3,-,NaN,CNBB 0.00 28-Jan,0,CND100003649,3.2,3.3
AMBMBRM-01M,22-Dec-2010,09:01:18,22-Dec-2010,17:01:18,3.2,3.3,-,NaN,CNBB 0.00 28-Jan,0,CND100003649,3.2,3.3
AMBMBRM-01M,22-Dec-2010,09:01:19,22-Dec-2010,17:01:19,3.2,3.4,-,NaN,CNBB 0.00 28-Jan,0,CND100003649,3.2,3.4
AMBMBRM-01M,22-Dec-2010,09:01:19,22-Dec-2010,17:01:19,3.2,3.4,-,NaN,CNBB 0.00 28-Jan,0,CND100003649,3.2,3.4
AMBMBRM-01M,22-Dec-2010,09:01:25,22-Dec-2010,17:01:25,3.3,3.4,-,NaN,CNBB 0.00 28-Jan,0,CND100003649,3.3,3.4
AMBMBRM-01M,22-Dec-2010,09:01:25,22-Dec-2010,17:01:25,3.3,3.4,-,NaN,CNBB 0.00 28-Jan,0,CND100003649,3.3,3.4
AMBMBRM-01M,22-Dec-2010,21:11:25,23-Dec-2010,05:11:25,3.3,3.4,-,NaN,CNBB 0.00 28-Jan,0,CND100003649,3.3,3.4
AMBMBRM-01M,22-Dec-2010,21:11:53,23-Dec-2010,05:11:53,3.3,3.4,-,NaN,CNBB 0.00 28-Jan,0,CND100003649,3.3,3.4
AMBMBRM-01M,22-Dec-2010,21:13:01,23-Dec-2010,05:13:01,3.3,3.4,-,NaN,CNBB 0.00 28-Jan,0,CND100003649,3.3,3.4
AMBMBRM-01M,23-Dec-2010,08:38:11,23-Dec-2010,16:38:11,3.3,3.4,-,NaN,CNBB 0.00 28-Jan,0,CND100003649,3.3,3.4
AMBMBRM-01M,23-Dec-2010,08:38:11,23-Dec-2010,16:38:11,3.3,3.4,-,NaN,CNBB 0.00 28-Jan,0,CND100003649,3.3,3.4
AMBMBRM-01M,23-Dec-2010,08:38:11,23-Dec-2010,16:38:11,3.3,3.4,-,NaN,CNBB 0.00 28-Jan,0,CND100003649,3.3,3.4
AMBMBRM-01M,23-Dec-2010,08:38:12,23-Dec-2010,16:38:12,3.3,3.4,-,NaN,CNBB 0.00 28-Jan,0,CND100003649,3.3,3.4
AMBMBRM-01M,23-Dec-2010,08:38:12,23-Dec-2010,16:38:12,3.3,3.4,-,NaN,CNBB 0.00 28-Jan,0,CND100003649,3.3,3.4
AMBMBRM-01M,23-Dec-2010,08:38:12,23-Dec-2010,16:38:12,3.3,3.4,-,NaN,CNBB 0.00 28-Jan,0,CND100003649,3.3,3.4
AMBMBRM-01M,23-Dec-2010,08:38:12,23-Dec-2010,16:38:12,3.3,3.4,-,NaN,CNBB 0.00 28-Jan,0,CND100003649,3.3,3.4
AMBMBRM-01M,23-Dec-2010,08:38:12,23-Dec-2010,16:38:12,3.3,3.4,-,NaN,CNBB 0.00 28-Jan,0,CND100003649,3.3,3.4
AMBMBRM-01M,23-Dec-2010,18:01:00,24-Dec-2010,02:01:00,3.3,3.4,-,NaN,CNBB 0.00 28-Jan,0,CND100003649,3.3,3.4
AMBMBRM-01M,24-Dec-2010,09:49:25,24-Dec-2010,17:49:25,3.3,3.4,-,NaN,CNBB 0.00 28-Jan,0,CND100003649,3.3,3.4
AMBMBRM-01M,24-Dec-2010,09:49:25,24-Dec-2010,17:49:25,3.3,3.4,-,NaN,CNBB 0.00 28-Jan,0,CND100003649,3.3,3.4
AMBMBRM-01M,24-Dec-2010,09:49:25,24-Dec-2010,17:49:25,3.3,3.4,-,NaN,CNBB 0.00 28-Jan,0,CND100003649,3.3,3.4
AMBMBRM-01M,24-Dec-2010,09:49:25,24-Dec-2010,17:49:25,3.3,3.4,-,NaN,CNBB 0.00 28-Jan,0,CND100003649,3.3,3.4
AMBMBRM-01M,24-Dec-2010,09:49:25,24-Dec-2010,17:49:25,3.3,3.4,-,NaN,CNBB 0.00 28-Jan,0,CND100003649,3.3,3.4
AMBMBRM-01M,24-Dec-2010,09:49:25,24-Dec-2010,17:49:25,3.3,3.4,-,NaN,CNBB 0.00 28-Jan,0,CND100003649,3.3,3.4
AMBMBRM-01M,24-Dec-2010,09:49:25,24-Dec-2010,17:49:25,3.3,3.4,-,NaN,CNBB 0.00 28-Jan,0,CND100003649,3.3,3.4
AMBMBRM-01M,24-Dec-2010,09:49:26,24-Dec-2010,17:49:26,3.3,3.4,-,NaN,CNBB 0.00 28-Jan,0,CND100003649,3.3,3.4
AMBMBRM-01M,24-Dec-2010,13:34:17,24-Dec-2010,21:34:17,3.3,3.4,-,NaN,CNBB 0.00 28-Jan,0,CND100003649,3.3,3.4
AMBMBRM-01M,28-Dec-2010,01:51:32,28-Dec-2010,09:51:32,3.3,3.4,-,NaN,CNBB 0.00 28-Jan,0,CND100003649,3.3,3.4
AMBMBRM-01M,29-Dec-2010,08:54:03,29-Dec-2010,16:54:03,3.3,3.4,-,NaN,CNBB 0.00 28-Jan,0,CND100003649,3.3,3.4
AMBMBRM-01M,29-Dec-2010,08:54:03,29-Dec-2010,16:54:03,3.3,3.4,-,NaN,CNBB 0.00 28-Jan,0,CND100003649,3.3,3.4
AMBMBRM-01M,29-Dec-2010,08:54:03,29-Dec-2010,16:54:03,3.3,3.4,-,NaN,CNBB 0.00 28-Jan,0,CND100003649,3.3,3.4
AMBMBRM-01M,29-Dec-2010,08:54:03,29-Dec-2010,16:54:03,3.3,3.4,-,NaN,CNBB 0.00 28-Jan,0,CND100003649,3.3,3.4
AMBMBRM-01M,29-Dec-2010,08:54:03,29-Dec-2010,16:54:03,3.3,3.4,-,NaN,CNBB 0.00 28-Jan,0,CND100003649,3.3,3.4
AMBMBRM-01M,29-Dec-2010,08:54:04,29-Dec-2010,16:54:04,3.3,3.4,-,NaN,CNBB 0.00 28-Jan,0,CND100003649,3.3,3.4
AMBMBRM-01M,29-Dec-2010,08:54:04,29-Dec-2010,16:54:04,3.3,3.4,-,NaN,CNBB 0.00 28-Jan,0,CND100003649,3.3,3.4
AMBMBRM-01M,29-Dec-2010,08:54:04,29-Dec-2010,16:54:04,3.3,3.4,-,NaN,CNBB 0.00 28-Jan,0,CND100003649,3.3,3.4
AMBMBRM-01M,29-Dec-2010,08:55:02,29-Dec-2010,16:55:02,3.3,3.3,-,NaN,CNBB 0.00 28-Jan,0,CND100003649,3.3,3.3
AMBMBRM-01M,29-Dec-2010,08:55:02,29-Dec-2010,16:55:02,3.3,3.3,-,NaN,CNBB 0.00 28-Jan,0,CND100003649,3.3,3.3
AMBMBRM-01M,29-Dec-2010,08:55:04,29-Dec-2010,16:55:04,3.2,3.3,-,NaN,CNBB 0.00 28-Jan,0,CND100003649,3.2,3.3
AMBMBRM-01M,29-Dec-2010,08:55:04,29-Dec-2010,16:55:04,3.2,3.3,-,NaN,CNBB 0.00 28-Jan,0,CND100003649,3.2,3.3
AMBMBRM-01M,30-Dec-2010,08:12:16,30-Dec-2010,16:12:16,3.2,3.2,-,NaN,CNBB 0.00 28-Jan,0,CND100003649,3.2,3.2
AMBMBRM-01M,30-Dec-2010,08:12:16,30-Dec-2010,16:12:16,3.2,3.2,-,NaN,CNBB 0.00 28-Jan,0,CND100003649,3.2,3.2
AMBMBRM-01M,30-Dec-2010,08:12:19,30-Dec-2010,16:12:19,3.1,3.2,-,NaN,CNBB 0.00 28-Jan,0,CND100003649,3.1,3.2
AMBMBRM-01M,30-Dec-2010,08:12:19,30-Dec-2010,16:12:19,3.1,3.2,-,NaN,CNBB 0.00 28-Jan,0,CND100003649,3.1,3.2
AMBMBRM-01M,04-Jan-2011,06:15:51,04-Jan-2011,14:15:51,3.1,3.2,-,NaN,CNBB 0.00 28-Jan,0,CND100003649,3.1,3.2
AMBMBRM-01M,04-Jan-2011,06:15:51,04-Jan-2011,14:15:51,3.1,3.2,-,NaN,CNBB 0.00 28-Jan,0,CND100003649,3.1,3.2
AMBMBRM-01M,04-Jan-2011,06:15:51,04-Jan-2011,14:15:51,3.1,3.2,-,NaN,CNBB 0.00 28-Jan,0,CND100003649,3.1,3.2
AMBMBRM-01M,04-Jan-2011,06:15:51,04-Jan-2011,14:15:51,3.1,3.2,-,NaN,CNBB 0.00 28-Jan,0,CND100003649,3.1,3.2
AMBMBRM-01M,04-Jan-2011,06:15:51,04-Jan-2011,14:15:51,3.1,3.2,-,NaN,CNBB 0.00 28-Jan,0,CND100003649,3.1,3.2
AMBMBRM-01M,04-Jan-2011,06:15:51,04-Jan-2011,14:15:51,3.1,3.2,-,NaN,CNBB 0.00 28-Jan,0,CND100003649,3.1,3.2
AMBMBRM-01M,04-Jan-2011,06:15:51,04-Jan-2011,14:15:51,3.1,3.2,-,NaN,CNBB 0.00 28-Jan,0,CND100003649,3.1,3.2
AMBMBRM-01M,04-Jan-2011,06:15:52,04-Jan-2011,14:15:52,3.1,3.2,-,NaN,CNBB 0.00 28-Jan,0,CND100003649,3.1,3.2
AMBMBRM-01M,04-Jan-2011,08:04:54,04-Jan-2011,16:04:54,2.9,3.0,-,NaN,CNBB 0.00 28-Jan,0,CND100003649,2.9,3.0
AMBMBRM-01M,04-Jan-2011,08:04:54,04-Jan-2011,16:04:54,2.9,3.0,-,NaN,CNBB 0.00 28-Jan,0,CND100003649,2.9,3.0
AMBMBRM-01M,05-Jan-2011,03:49:15,05-Jan-2011,11:49:15,2.9,3.0,-,NaN,CNBB 0.00 28-Jan,0,CND100003649,2.9,3.0
AMBMBRM-01M,05-Jan-2011,03:49:15,05-Jan-2011,11:49:15,2.9,3.0,-,NaN,CNBB 0.00 28-Jan,0,CND100003649,2.9,3.0
AMBMBRM-01M,05-Jan-2011,03:49:15,05-Jan-2011,11:49:15,2.9,3.0,-,NaN,CNBB 0.00 28-Jan,0,CND100003649,2.9,3.0
AMBMBRM-01M,05-Jan-2011,03:49:15,05-Jan-2011,11:49:15,2.9,3.0,-,NaN,CNBB 0.00 28-Jan,0,CND100003649,2.9,3.0
AMBMBRM-01M,05-Jan-2011,03:49:15,05-Jan-2011,11:49:15,2.9,3.0,-,NaN,CNBB 0.00 28-Jan,0,CND100003649,2.9,3.0
AMBMBRM-01M,05-Jan-2011,03:49:15,05-Jan-2011,11:49:15,2.9,3.0,-,NaN,CNBB 0.00 28-Jan,0,CND100003649,2.9,3.0
AMBMBRM-01M,05-Jan-2011,03:49:15,05-Jan-2011,11:49:15,2.9,3.0,-,NaN,CNBB 0.00 28-Jan,0,CND100003649,2.9,3.0
AMBMBRM-01M,05-Jan-2011,03:49:16,05-Jan-2011,11:49:16,2.9,3.0,-,NaN,CNBB 0.00 28-Jan,0,CND100003649,2.9,3.0
AMBMBRM-01M,06-Jan-2011,08:22:02,06-Jan-2011,16:22:02,2.9,3.0,-,NaN,CNBB 0.00 28-Jan,0,CND100003649,2.9,3.0
AMBMBRM-01M,06-Jan-2011,08:22:02,06-Jan-2011,16:22:02,2.9,3.0,-,NaN,CNBB 0.00 28-Jan,0,CND100003649,2.9,3.0
AMBMBRM-01M,06-Jan-2011,08:22:02,06-Jan-2011,16:22:02,2.9,3.0,-,NaN,CNBB 0.00 28-Jan,0,CND100003649,2.9,3.0
AMBMBRM-01M,06-Jan-2011,08:22:03,06-Jan-2011,16:22:03,2.9,3.0,-,NaN,CNBB 0.00 28-Jan,0,CND100003649,2.9,3.0
AMBMBRM-01M,06-Jan-2011,08:22:03,06-Jan-2011,16:22:03,2.9,3.0,-,NaN,CNBB 0.00 28-Jan,0,CND100003649,2.9,3.0
AMBMBRM-01M,06-Jan-2011,08:22:03,06-Jan-2011,16:22:03,2.9,3.0,-,NaN,CNBB 0.00 28-Jan,0,CND100003649,2.9,3.0
AMBMBRM-01M,06-Jan-2011,08:22:03,06-Jan-2011,16:22:03,2.9,3.0,-,NaN,CNBB 0.00 28-Jan,0,CND100003649,2.9,3.0
AMBMBRM-01M,06-Jan-2011,08:22:03,06-Jan-2011,16:22:03,2.9,3.0,-,NaN,CNBB 0.00 28-Jan,0,CND100003649,2.9,3.0
AMBMBRM-01M,06-Jan-2011,18:01:08,07-Jan-2011,02:01:08,2.9,3.0,-,NaN,CNBB 0.00 28-Jan,0,CND100003649,2.9,3.0
AMBMBRM-01M,07-Jan-2011,07:43:47,07-Jan-2011,15:43:47,2.9,3.0,-,NaN,CNBB 0.00 28-Jan,0,CND100003649,2.9,3.0
AMBMBRM-01M,07-Jan-2011,07:43:47,07-Jan-2011,15:43:47,2.9,3.0,-,NaN,CNBB 0.00 28-Jan,0,CND100003649,2.9,3.0
AMBMBRM-01M,07-Jan-2011,07:43:47,07-Jan-2011,15:43:47,2.9,3.0,-,NaN,CNBB 0.00 28-Jan,0,CND100003649,2.9,3.0
AMBMBRM-01M,07-Jan-2011,07:43:47,07-Jan-2011,15:43:47,2.9,3.0,-,NaN,CNBB 0.00 28-Jan,0,CND100003649,2.9,3.0
AMBMBRM-01M,07-Jan-2011,07:43:47,07-Jan-2011,15:43:47,2.9,3.0,-,NaN,CNBB 0.00 28-Jan,0,CND100003649,2.9,3.0
AMBMBRM-01M,07-Jan-2011,07:43:48,07-Jan-2011,15:43:48,2.9,3.0,-,NaN,CNBB 0.00 28-Jan,0,CND100003649,2.9,3.0
AMBMBRM-01M,07-Jan-2011,07:43:48,07-Jan-2011,15:43:48,2.9,3.0,-,NaN,CNBB 0.00 28-Jan,0,CND100003649,2.9,3.0
AMBMBRM-01M,07-Jan-2011,07:43:48,07-Jan-2011,15:43:48,2.9,3.0,-,NaN,CNBB 0.00 28-Jan,0,CND100003649,2.9,3.0
AMBMBRM-01M,07-Jan-2011,07:44:10,07-Jan-2011,15:44:10,2.65,2.75,-,NaN,CNBB 0.00 28-Jan,0,CND100003649,2.65,2.75
AMBMBRM-01M,07-Jan-2011,07:44:10,07-Jan-2011,15:44:10,2.65,2.75,-,NaN,CNBB 0.00 28-Jan,0,CND100003649,2.65,2.75
AMBMBRM-01M,10-Jan-2011,08:13:25,10-Jan-2011,16:13:25,2.65,2.75,-,NaN,CNBB 0.00 28-Jan,0,CND100003649,2.65,2.75
AMBMBRM-01M,10-Jan-2011,08:13:25,10-Jan-2011,16:13:25,2.65,2.75,-,NaN,CNBB 0.00 28-Jan,0,CND100003649,2.65,2.75
AMBMBRM-01M,10-Jan-2011,08:13:25,10-Jan-2011,16:13:25,2.65,2.75,-,NaN,CNBB 0.00 28-Jan,0,CND100000NY0,2.65,2.75
AMBMBRM-01M,10-Jan-2011,08:13:26,10-Jan-2011,16:13:26,2.65,2.75,-,NaN,CNBB 4.56 22-Feb,0,CND100000NY0,2.65,2.75
AMBMBRM-01M,10-Jan-2011,08:13:26,10-Jan-2011,16:13:26,2.65,2.75,-,NaN,CNBB 4.56 22-Feb,0,CND100000NY0,2.65,2.75
AMBMBRM-01M,10-Jan-2011,08:13:26,10-Jan-2011,16:13:26,2.65,2.75,-,NaN,CNBB 4.56 22-Feb,0,CND100000NY0,2.65,2.75
AMBMBRM-01M,10-Jan-2011,08:13:26,10-Jan-2011,16:13:26,2.65,2.75,-,NaN,CNBB 4.56 22-Feb,0,CND100000NY0,2.65,2.75
AMBMBRM-01M,10-Jan-2011,08:13:26,10-Jan-2011,16:13:26,2.65,2.75,-,NaN,CNBB 4.56 22-Feb,0,CND100000NY0,2.65,2.75
AMBMBRM-01M,10-Jan-2011,08:14:56,10-Jan-2011,16:14:56,2.65,2.95,-,NaN,CNBB 4.56 22-Feb,0,CND100000NY0,2.65,2.95
AMBMBRM-01M,10-Jan-2011,08:14:56,10-Jan-2011,16:14:56,2.65,2.95,-,NaN,CNBB 4.56 22-Feb,0,CND100000NY0,2.65,2.95
AMBMBRM-01M,10-Jan-2011,08:14:58,10-Jan-2011,16:14:58,2.85,2.95,-,NaN,CNBB 4.56 22-Feb,0,CND100000NY0,2.85,2.95
AMBMBRM-01M,10-Jan-2011,08:14:58,10-Jan-2011,16:14:58,2.85,2.95,-,NaN,CNBB 4.56 22-Feb,0,CND100000NY0,2.85,2.95
AMBMBRM-01M,11-Jan-2011,01:53:04,11-Jan-2011,09:53:04,2.85,2.95,-,NaN,CNBB 4.56 22-Feb,0,CND100000NY0,2.85,2.95
AMBMBRM-01M,11-Jan-2011,08:09:43,11-Jan-2011,16:09:43,2.85,2.95,-,NaN,CNBB 4.56 22-Feb,0,CND100000NY0,2.85,2.95
AMBMBRM-01M,11-Jan-2011,08:09:43,11-Jan-2011,16:09:43,2.85,2.95,-,NaN,CNBB 4.56 22-Feb,0,CND100000NY0,2.85,2.95
AMBMBRM-01M,11-Jan-2011,08:09:43,11-Jan-2011,16:09:43,2.85,2.95,-,NaN,CNBB 4.56 22-Feb,0,CND100000NY0,2.85,2.95
AMBMBRM-01M,11-Jan-2011,08:09:44,11-Jan-2011,16:09:44,2.85,2.95,-,NaN,CNBB 4.56 22-Feb,0,CND100000NY0,2.85,2.95
AMBMBRM-01M,11-Jan-2011,08:09:44,11-Jan-2011,16:09:44,2.85,2.95,-,NaN,CNBB 4.56 22-Feb,0,CND100000NY0,2.85,2.95
AMBMBRM-01M,11-Jan-2011,08:09:44,11-Jan-2011,16:09:44,2.85,2.95,-,NaN,CNBB 4.56 22-Feb,0,CND100000NY0,2.85,2.95
AMBMBRM-01M,11-Jan-2011,08:09:44,11-Jan-2011,16:09:44,2.85,2.95,-,NaN,CNBB 4.56 22-Feb,0,CND100000NY0,2.85,2.95
AMBMBRM-01M,11-Jan-2011,08:09:44,11-Jan-2011,16:09:44,2.85,2.95,-,NaN,CNBB 4.56 22-Feb,0,CND100000NY0,2.85,2.95
AMBMBRM-01M,12-Jan-2011,04:28:38,12-Jan-2011,12:28:38,2.85,2.95,-,NaN,CNBB 4.56 22-Feb,0,CND100000NY0,2.85,2.95
AMBMBRM-01M,12-Jan-2011,08:56:23,12-Jan-2011,16:56:23,2.85,2.95,-,NaN,CNBB 4.56 22-Feb,0,CND100000NY0,2.85,2.95
AMBMBRM-01M,12-Jan-2011,08:56:23,12-Jan-2011,16:56:23,2.85,2.95,-,NaN,CNBB 4.56 22-Feb,0,CND100000NY0,2.85,2.95
AMBMBRM-01M,12-Jan-2011,08:56:23,12-Jan-2011,16:56:23,2.85,2.95,-,NaN,CNBB 4.56 22-Feb,0,CND100000NY0,2.85,2.95
AMBMBRM-01M,12-Jan-2011,08:56:24,12-Jan-2011,16:56:24,2.85,2.95,-,NaN,CNBB 4.56 22-Feb,0,CND100000NY0,2.85,2.95
AMBMBRM-01M,12-Jan-2011,08:56:24,12-Jan-2011,16:56:24,2.85,2.95,-,NaN,CNBB 4.56 22-Feb,0,CND100000NY0,2.85,2.95
AMBMBRM-01M,12-Jan-2011,08:56:24,12-Jan-2011,16:56:24,2.85,2.95,-,NaN,CNBB 4.56 22-Feb,0,CND100000NY0,2.85,2.95
AMBMBRM-01M,12-Jan-2011,08:56:24,12-Jan-2011,16:56:24,2.85,2.95,-,NaN,CNBB 4.56 22-Feb,0,CND100000NY0,2.85,2.95
AMBMBRM-01M,12-Jan-2011,08:56:24,12-Jan-2011,16:56:24,2.85,2.95,-,NaN,CNBB 4.56 22-Feb,0,CND100000NY0,2.85,2.95
AMBMBRM-01M,13-Jan-2011,08:03:31,13-Jan-2011,16:03:31,2.85,2.95,-,NaN,CNBB 4.56 22-Feb,0,CND100000NY0,2.85,2.95
AMBMBRM-01M,13-Jan-2011,08:03:31,13-Jan-2011,16:03:31,2.85,2.95,-,NaN,CNBB 4.56 22-Feb,0,CND100000NY0,2.85,2.95
AMBMBRM-01M,13-Jan-2011,08:03:31,13-Jan-2011,16:03:31,2.85,2.95,-,NaN,CNBB 4.56 22-Feb,0,CND100000NY0,2.85,2.95
AMBMBRM-01M,13-Jan-2011,08:03:31,13-Jan-2011,16:03:31,2.85,2.95,-,NaN,CNBB 4.56 22-Feb,0,CND100000NY0,2.85,2.95
AMBMBRM-01M,13-Jan-2011,08:03:31,13-Jan-2011,16:03:31,2.85,2.95,-,NaN,CNBB 4.56 22-Feb,0,CND100000NY0,2.85,2.95
AMBMBRM-01M,13-Jan-2011,08:03:31,13-Jan-2011,16:03:31,2.85,2.95,-,NaN,CNBB 4.56 22-Feb,0,CND100000NY0,2.85,2.95
AMBMBRM-01M,13-Jan-2011,08:03:31,13-Jan-2011,16:03:31,2.85,2.95,-,NaN,CNBB 4.56 22-Feb,0,CND100000NY0,2.85,2.95
AMBMBRM-01M,14-Jan-2011,05:02:12,14-Jan-2011,13:02:12,2.85,2.95,-,NaN,CNBB 4.56 22-Feb,0,CND100000NY0,2.85,2.95
AMBMBRM-01M,14-Jan-2011,09:16:33,14-Jan-2011,17:16:33,2.85,2.95,-,NaN,CNBB 4.56 22-Feb,0,CND100000NY0,2.85,2.95
AMBMBRM-01M,14-Jan-2011,09:16:33,14-Jan-2011,17:16:33,2.85,2.95,-,NaN,CNBB 4.56 22-Feb,0,CND100000NY0,2.85,2.95
AMBMBRM-01M,14-Jan-2011,09:16:33,14-Jan-2011,17:16:33,2.85,2.95,-,NaN,CNBB 4.56 22-Feb,0,CND100000NY0,2.85,2.95
AMBMBRM-01M,14-Jan-2011,09:16:33,14-Jan-2011,17:16:33,2.85,2.95,-,NaN,CNBB 4.56 22-Feb,0,CND100000NY0,2.85,2.95
AMBMBRM-01M,14-Jan-2011,09:16:33,14-Jan-2011,17:16:33,2.85,2.95,-,NaN,CNBB 4.56 22-Feb,0,CND100000NY0,2.85,2.95
AMBMBRM-01M,14-Jan-2011,09:16:33,14-Jan-2011,17:16:33,2.85,2.95,-,NaN,CNBB 4.56 22-Feb,0,CND100000NY0,2.85,2.95
AMBMBRM-01M,14-Jan-2011,09:16:33,14-Jan-2011,17:16:33,2.85,2.95,-,NaN,CNBB 4.56 22-Feb,0,CND100000NY0,2.85,2.95
AMBMBRM-01M,14-Jan-2011,09:16:33,14-Jan-2011,17:16:33,2.85,2.95,-,NaN,CNBB 4.56 22-Feb,0,CND100000NY0,2.85,2.95
AMBMBRM-01M,14-Jan-2011,14:35:19,14-Jan-2011,22:35:19,2.85,2.95,-,NaN,CNBB 4.56 22-Feb,0,CND100000NY0,2.85,2.95
AMBMBRM-01M,16-Jan-2011,22:54:35,17-Jan-2011,06:54:35,2.85,2.95,-,NaN,CNBB 4.56 22-Feb,0,CND100000NY0,2.85,2.95
AMBMBRM-01M,17-Jan-2011,01:25:51,17-Jan-2011,09:25:51,2.85,2.95,-,NaN,CNBB 4.56 22-Feb,0,CND100000NY0,2.85,2.95
AMBMBRM-01M,17-Jan-2011,03:25:16,17-Jan-2011,11:25:16,2.85,2.95,-,NaN,CNBB 4.56 22-Feb,0,CND100000NY0,2.85,2.95
AMBMBRM-01M,17-Jan-2011,05:10:37,17-Jan-2011,13:10:37,2.85,2.95,-,NaN,CNBB 4.56 22-Feb,0,CND100000NY0,2.85,2.95
AMBMBRM-01M,17-Jan-2011,08:55:03,17-Jan-2011,16:55:03,2.85,2.95,-,NaN,CNBB 4.56 22-Feb,0,CND100000NY0,2.85,2.95
AMBMBRM-01M,17-Jan-2011,08:55:03,17-Jan-2011,16:55:03,2.85,2.95,-,NaN,CNBB 4.56 22-Feb,0,CND100000NY0,2.85,2.95
AMBMBRM-01M,17-Jan-2011,08:55:03,17-Jan-2011,16:55:03,2.85,2.95,-,NaN,CNBB 4.56 22-Feb,0,CND100000NY0,2.85,2.95
AMBMBRM-01M,17-Jan-2011,08:55:03,17-Jan-2011,16:55:03,2.85,2.95,-,NaN,CNBB 4.56 22-Feb,0,CND100000NY0,2.85,2.95
AMBMBRM-01M,17-Jan-2011,08:55:03,17-Jan-2011,16:55:03,2.85,2.95,-,NaN,CNBB 4.56 22-Feb,0,CND100000NY0,2.85,2.95
AMBMBRM-01M,17-Jan-2011,08:55:03,17-Jan-2011,16:55:03,2.85,2.95,-,NaN,CNBB 4.56 22-Feb,0,CND100000NY0,2.85,2.95
AMBMBRM-01M,17-Jan-2011,08:55:03,17-Jan-2011,16:55:03,2.85,2.95,-,NaN,CNBB 4.56 22-Feb,0,CND100000NY0,2.85,2.95
AMBMBRM-01M,17-Jan-2011,08:55:04,17-Jan-2011,16:55:04,2.85,2.95,-,NaN,CNBB 4.56 22-Feb,0,CND100000NY0,2.85,2.95
AMBMBRM-01M,17-Jan-2011,08:55:16,17-Jan-2011,16:55:16,2.85,3.0,-,NaN,CNBB 4.56 22-Feb,0,CND100000NY0,2.85,3.0
AMBMBRM-01M,17-Jan-2011,08:55:16,17-Jan-2011,16:55:16,2.85,3.0,-,NaN,CNBB 4.56 22-Feb,0,CND100000NY0,2.85,3.0
AMBMBRM-01M,17-Jan-2011,08:55:18,17-Jan-2011,16:55:18,2.9,3.0,-,NaN,CNBB 4.56 22-Feb,0,CND100000NY0,2.9,3.0
AMBMBRM-01M,17-Jan-2011,08:55:18,17-Jan-2011,16:55:18,2.9,3.0,-,NaN,CNBB 4.56 22-Feb,0,CND100000NY0,2.9,3.0
AMBMBRM-01M,17-Jan-2011,08:59:42,17-Jan-2011,16:59:42,2.9,3.0,-,NaN,CNBB 4.56 22-Feb,0,CND100000NY0,2.9,3.0
AMBMBRM-01M,17-Jan-2011,08:59:42,17-Jan-2011,16:59:42,2.9,3.0,-,NaN,CNBB 4.56 22-Feb,0,CND100000NY0,2.9,3.0
AMBMBRM-01M,18-Jan-2011,16:54:59,19-Jan-2011,00:54:59,3.0,3.1,-,NaN,CNBB  ,0,CND100000NY0,3.0,3.1
AMBMBRM-01M,18-Jan-2011,16:54:59,19-Jan-2011,00:54:59,3.0,3.1,-,NaN,CNBB 4.56 22-Feb,0,CND100000NY0,3.0,3.1
AMBMBRM-01M,19-Jan-2011,06:51:57,19-Jan-2011,14:51:57,3.0,3.1,-,NaN,CNBB 4.56 22-Feb,0,CND100000NY0,3.0,3.1
AMBMBRM-01M,19-Jan-2011,06:51:57,19-Jan-2011,14:51:57,3.0,3.1,-,NaN,CNBB 4.56 22-Feb,0,CND100000NY0,3.0,3.1
AMBMBRM-01M,19-Jan-2011,09:35:59,19-Jan-2011,17:35:59,3.35,3.45,-,NaN,CNBB  ,0,CND100000NY0,3.35,3.45
AMBMBRM-01M,19-Jan-2011,09:35:59,19-Jan-2011,17:35:59,3.35,3.45,-,NaN,CNBB  ,0,CND100000NY0,3.35,3.45
AMBMBRM-01M,19-Jan-2011,09:35:59,19-Jan-2011,17:35:59,3.35,3.45,-,NaN,CNBB  ,0,CND100000NY0,3.35,3.45
AMBMBRM-01M,19-Jan-2011,09:35:59,19-Jan-2011,17:35:59,3.35,3.45,-,NaN,CNBB  ,0,CND100000NY0,3.35,3.45
AMBMBRM-01M,19-Jan-2011,09:36:00,19-Jan-2011,17:36:00,3.35,3.45,-,NaN,CNBB 4.56 22-Feb,0,CND100000NY0,3.35,3.45
AMBMBRM-01M,19-Jan-2011,09:36:00,19-Jan-2011,17:36:00,3.35,3.45,-,NaN,CNBB 4.56 22-Feb,0,CND100000NY0,3.35,3.45
AMBMBRM-01M,19-Jan-2011,09:37:17,19-Jan-2011,17:37:17,3.35,3.45,-,NaN,CNBB 4.56 22-Feb,0,CND100000NY0,3.35,3.45
AMBMBRM-01M,19-Jan-2011,09:37:17,19-Jan-2011,17:37:17,3.35,3.45,-,NaN,CNBB 4.56 22-Feb,0,CND100000NY0,3.35,3.45
AMBMBRM-01M,19-Jan-2011,09:37:34,19-Jan-2011,17:37:34,3.35,3.45,-,NaN,CNBB 4.56 22-Feb,0,CND100000NY0,3.35,3.45
AMBMBRM-01M,19-Jan-2011,09:37:35,19-Jan-2011,17:37:35,3.35,3.45,-,NaN,CNBB 4.56 22-Feb,0,CND100000NY0,3.35,3.45
AMBMBRM-01M,19-Jan-2011,09:41:46,19-Jan-2011,17:41:46,3.35,3.45,-,NaN,CNBB 4.56 22-Feb,0,CND100000NY0,3.35,3.45
AMBMBRM-01M,19-Jan-2011,09:41:46,19-Jan-2011,17:41:46,3.35,3.45,-,NaN,CNBB 4.56 22-Feb,0,CND100000NY0,3.35,3.45
AMBMBRM-01M,19-Jan-2011,09:41:46,19-Jan-2011,17:41:46,3.35,3.45,-,NaN,CNBB 4.56 22-Feb,0,CND100000NY0,3.35,3.45
AMBMBRM-01M,19-Jan-2011,09:41:46,19-Jan-2011,17:41:46,3.35,3.45,-,NaN,CNBB 4.56 22-Feb,0,CND100000NY0,3.35,3.45
AMBMBRM-01M,19-Jan-2011,09:41:47,19-Jan-2011,17:41:47,3.35,3.45,-,NaN,CNBB 4.56 22-Feb,0,CND100000NY0,3.35,3.45
AMBMBRM-01M,19-Jan-2011,09:41:47,19-Jan-2011,17:41:47,3.35,3.45,-,NaN,CNBB 4.56 22-Feb,0,CND100000NY0,3.35,3.45
AMBMBRM-01M,19-Jan-2011,09:41:47,19-Jan-2011,17:41:47,3.35,3.45,-,NaN,CNBB 4.56 22-Feb,0,CND100000NY0,3.35,3.45
AMBMBRM-01M,19-Jan-2011,09:41:47,19-Jan-2011,17:41:47,3.35,3.45,-,NaN,CNBB 4.56 22-Feb,0,CND100000NY0,3.35,3.45
AMBMBRM-01M,19-Jan-2011,09:42:20,19-Jan-2011,17:42:20,3.35,3.45,-,NaN,CNBB 4.56 22-Feb,0,CND100000NY0,3.35,3.45
AMBMBRM-01M,19-Jan-2011,09:42:21,19-Jan-2011,17:42:21,3.35,3.45,-,NaN,CNBB 4.56 22-Feb,0,CND100000NY0,3.35,3.45
AMBMBRM-01M,19-Jan-2011,09:42:26,19-Jan-2011,17:42:26,3.35,3.45,-,NaN,CNBB 4.56 22-Feb,0,CND100000NY0,3.35,3.45
AMBMBRM-01M,19-Jan-2011,09:42:27,19-Jan-2011,17:42:27,3.35,3.45,-,NaN,CNBB 4.56 22-Feb,0,CND100000NY0,3.35,3.45
AMBMBRM-01M,19-Jan-2011,09:45:47,19-Jan-2011,17:45:47,3.35,3.45,-,NaN,CNBB 4.56 22-Feb,0,CND100000NY0,3.35,3.45
AMBMBRM-01M,19-Jan-2011,09:45:47,19-Jan-2011,17:45:47,3.35,3.45,-,NaN,CNBB 4.56 22-Feb,0,CND100000NY0,3.35,3.45
AMBMBRM-01M,19-Jan-2011,09:45:54,19-Jan-2011,17:45:54,3.35,3.45,-,NaN,CNBB 4.56 22-Feb,0,CND100000NY0,3.35,3.45
AMBMBRM-01M,20-Jan-2011,01:37:43,20-Jan-2011,09:37:43,3.35,3.45,-,NaN,CNBB 4.56 22-Feb,0,CND100000NY0,3.35,3.45
AMBMBRM-01M,20-Jan-2011,08:57:17,20-Jan-2011,16:57:17,3.35,3.45,-,NaN,CNBB 4.56 22-Feb,0,CND100000NY0,3.35,3.45
AMBMBRM-01M,20-Jan-2011,08:57:17,20-Jan-2011,16:57:17,3.35,3.45,-,NaN,CNBB 4.56 22-Feb,0,CND100000NY0,3.35,3.45
AMBMBRM-01M,20-Jan-2011,08:57:17,20-Jan-2011,16:57:17,3.35,3.45,-,NaN,CNBB 4.56 22-Feb,0,CND100000NY0,3.35,3.45
AMBMBRM-01M,20-Jan-2011,08:57:17,20-Jan-2011,16:57:17,3.35,3.45,-,NaN,CNBB 4.56 22-Feb,0,CND100000NY0,3.35,3.45
AMBMBRM-01M,20-Jan-2011,08:57:17,20-Jan-2011,16:57:17,3.35,3.45,-,NaN,CNBB 4.56 22-Feb,0,CND100000NY0,3.35,3.45
AMBMBRM-01M,20-Jan-2011,08:57:17,20-Jan-2011,16:57:17,3.35,3.45,-,NaN,CNBB 4.56 22-Feb,0,CND100000NY0,3.35,3.45
AMBMBRM-01M,20-Jan-2011,08:57:17,20-Jan-2011,16:57:17,3.35,3.45,-,NaN,CNBB 4.56 22-Feb,0,CND100000NY0,3.35,3.45
AMBMBRM-01M,20-Jan-2011,08:57:18,20-Jan-2011,16:57:18,3.35,3.45,-,NaN,CNBB 4.56 22-Feb,0,CND100000NY0,3.35,3.45
AMBMBRM-01M,20-Jan-2011,08:58:03,20-Jan-2011,16:58:03,3.35,3.55,-,NaN,CNBB 4.56 22-Feb,0,CND100000NY0,3.35,3.55
AMBMBRM-01M,20-Jan-2011,08:58:03,20-Jan-2011,16:58:03,3.35,3.55,-,NaN,CNBB 4.56 22-Feb,0,CND100000NY0,3.35,3.55
AMBMBRM-01M,20-Jan-2011,08:58:21,20-Jan-2011,16:58:21,3.45,3.55,-,NaN,CNBB 4.56 22-Feb,0,CND100000NY0,3.45,3.55
AMBMBRM-01M,20-Jan-2011,08:58:22,20-Jan-2011,16:58:22,3.45,3.55,-,NaN,CNBB 4.56 22-Feb,0,CND100000NY0,3.45,3.55
AMBMBRM-01M,20-Jan-2011,18:00:40,21-Jan-2011,02:00:40,3.45,3.55,-,NaN,CNBB 4.56 22-Feb,0,CND100000NY0,3.45,3.55
AMBMBRM-01M,21-Jan-2011,08:51:16,21-Jan-2011,16:51:16,3.45,3.55,-,NaN,CNBB 4.56 22-Feb,0,CND100000NY0,3.45,3.55
AMBMBRM-01M,21-Jan-2011,08:51:16,21-Jan-2011,16:51:16,3.45,3.55,-,NaN,CNBB 4.56 22-Feb,0,CND100000NY0,3.45,3.55
AMBMBRM-01M,21-Jan-2011,08:51:16,21-Jan-2011,16:51:16,3.45,3.55,-,NaN,CNBB 4.56 22-Feb,0,CND100000NY0,3.45,3.55
AMBMBRM-01M,21-Jan-2011,08:51:16,21-Jan-2011,16:51:16,3.45,3.55,-,NaN,CNBB 4.56 22-Feb,0,CND100000NY0,3.45,3.55
AMBMBRM-01M,21-Jan-2011,08:51:16,21-Jan-2011,16:51:16,3.45,3.55,-,NaN,CNBB 4.56 22-Feb,0,CND100000NY0,3.45,3.55
AMBMBRM-01M,21-Jan-2011,08:51:17,21-Jan-2011,16:51:17,3.45,3.55,-,NaN,CNBB 4.56 22-Feb,0,CND100000NY0,3.45,3.55
AMBMBRM-01M,21-Jan-2011,08:51:17,21-Jan-2011,16:51:17,3.45,3.55,-,NaN,CNBB 4.56 22-Feb,0,CND100000NY0,3.45,3.55
AMBMBRM-01M,21-Jan-2011,08:51:17,21-Jan-2011,16:51:17,3.45,3.55,-,NaN,CNBB 4.56 22-Feb,0,CND100000NY0,3.45,3.55
AMBMBRM-01M,21-Jan-2011,08:52:25,21-Jan-2011,16:52:25,3.45,3.45,-,NaN,CNBB 4.56 22-Feb,0,CND100000NY0,3.45,3.45
AMBMBRM-01M,21-Jan-2011,08:52:25,21-Jan-2011,16:52:25,3.45,3.45,-,NaN,CNBB 4.56 22-Feb,0,CND100000NY0,3.45,3.45
AMBMBRM-01M,21-Jan-2011,08:52:37,21-Jan-2011,16:52:37,3.35,3.45,-,NaN,CNBB 4.56 22-Feb,0,CND100000NY0,3.35,3.45
AMBMBRM-01M,21-Jan-2011,08:52:37,21-Jan-2011,16:52:37,3.35,3.45,-,NaN,CNBB 4.56 22-Feb,0,CND100000NY0,3.35,3.45
AMBMBRM-01M,24-Jan-2011,09:21:18,24-Jan-2011,17:21:18,3.35,3.45,-,NaN,CNBB 4.56 22-Feb,0,CND100000NY0,3.35,3.45
AMBMBRM-01M,24-Jan-2011,09:21:19,24-Jan-2011,17:21:19,3.35,3.45,-,NaN,CNBB 4.56 22-Feb,0,CND100000NY0,3.35,3.45
AMBMBRM-01M,24-Jan-2011,09:21:19,24-Jan-2011,17:21:19,3.35,3.45,-,NaN,CNBB 4.56 22-Feb,0,CND100002BX3,3.35,3.45
AMBMBRM-01M,24-Jan-2011,09:21:19,24-Jan-2011,17:21:19,3.35,3.45,-,NaN,CNBB 4.56 22-Feb,0,CND100002BX3,3.35,3.45
AMBMBRM-01M,24-Jan-2011,09:21:19,24-Jan-2011,17:21:19,3.35,3.45,-,NaN,CNBB 4.56 22-Feb,0,CND100002BX3,3.35,3.45
AMBMBRM-01M,24-Jan-2011,09:21:19,24-Jan-2011,17:21:19,3.35,3.45,-,NaN,CNBB 4.56 22-Feb,0,CND100002BX3,3.35,3.45
AMBMBRM-01M,24-Jan-2011,09:21:19,24-Jan-2011,17:21:19,3.35,3.45,-,NaN,CNBB 0.00 03-Mar,0,CND100002BX3,3.35,3.45
AMBMBRM-01M,24-Jan-2011,09:21:19,24-Jan-2011,17:21:19,3.35,3.45,-,NaN,CNBB 0.00 03-Mar,0,CND100002BX3,3.35,3.45
AMBMBRM-01M,24-Jan-2011,09:22:05,24-Jan-2011,17:22:05,3.35,3.65,-,NaN,CNBB 0.00 03-Mar,0,CND100002BX3,3.35,3.65
AMBMBRM-01M,24-Jan-2011,09:22:05,24-Jan-2011,17:22:05,3.35,3.65,-,NaN,CNBB 0.00 03-Mar,0,CND100002BX3,3.35,3.65
AMBMBRM-01M,24-Jan-2011,09:22:08,24-Jan-2011,17:22:08,3.55,3.65,-,NaN,CNBB 0.00 03-Mar,0,CND100002BX3,3.55,3.65
AMBMBRM-01M,24-Jan-2011,09:22:08,24-Jan-2011,17:22:08,3.55,3.65,-,NaN,CNBB 0.00 03-Mar,0,CND100002BX3,3.55,3.65
AMBMBRM-01M,25-Jan-2011,02:55:44,25-Jan-2011,10:55:44,3.55,3.65,-,NaN,CNBB 0.00 03-Mar,0,CND100002BX3,3.55,3.65
AMBMBRM-01M,25-Jan-2011,09:06:55,25-Jan-2011,17:06:55,3.55,3.65,-,NaN,CNBB 0.00 03-Mar,0,CND100002BX3,3.55,3.65
AMBMBRM-01M,25-Jan-2011,09:06:55,25-Jan-2011,17:06:55,3.55,3.65,-,NaN,CNBB 0.00 03-Mar,0,CND100002BX3,3.55,3.65
AMBMBRM-01M,25-Jan-2011,09:06:55,25-Jan-2011,17:06:55,3.55,3.65,-,NaN,CNBB 0.00 03-Mar,0,CND100002BX3,3.55,3.65
AMBMBRM-01M,25-Jan-2011,09:06:55,25-Jan-2011,17:06:55,3.55,3.65,-,NaN,CNBB 0.00 03-Mar,0,CND100002BX3,3.55,3.65
AMBMBRM-01M,25-Jan-2011,09:06:55,25-Jan-2011,17:06:55,3.55,3.65,-,NaN,CNBB 0.00 03-Mar,0,CND100002BX3,3.55,3.65
AMBMBRM-01M,25-Jan-2011,09:06:55,25-Jan-2011,17:06:55,3.55,3.65,-,NaN,CNBB 0.00 03-Mar,0,CND100002BX3,3.55,3.65
AMBMBRM-01M,25-Jan-2011,09:06:55,25-Jan-2011,17:06:55,3.55,3.65,-,NaN,CNBB 0.00 03-Mar,0,CND100002BX3,3.55,3.65
AMBMBRM-01M,25-Jan-2011,09:06:56,25-Jan-2011,17:06:56,3.55,3.65,-,NaN,CNBB 0.00 03-Mar,0,CND100002BX3,3.55,3.65
AMBMBRM-01M,25-Jan-2011,09:07:13,25-Jan-2011,17:07:13,3.55,4.2,-,NaN,CNBB 0.00 03-Mar,0,CND100002BX3,3.55,4.2
AMBMBRM-01M,25-Jan-2011,09:07:13,25-Jan-2011,17:07:13,3.55,4.2,-,NaN,CNBB 0.00 03-Mar,0,CND100002BX3,3.55,4.2
AMBMBRM-01M,25-Jan-2011,09:07:15,25-Jan-2011,17:07:15,4.1,4.2,-,NaN,CNBB 0.00 03-Mar,0,CND100002BX3,4.1,4.2
AMBMBRM-01M,25-Jan-2011,09:07:15,25-Jan-2011,17:07:15,4.1,4.2,-,NaN,CNBB 0.00 03-Mar,0,CND100002BX3,4.1,4.2
AMBMBRM-01M,26-Jan-2011,09:00:27,26-Jan-2011,17:00:27,4.1,4.2,-,NaN,CNBB 0.00 03-Mar,0,CND100002BX3,4.1,4.2
AMBMBRM-01M,26-Jan-2011,09:00:27,26-Jan-2011,17:00:27,4.1,4.2,-,NaN,CNBB 0.00 03-Mar,0,CND100002BX3,4.1,4.2
AMBMBRM-01M,26-Jan-2011,09:00:27,26-Jan-2011,17:00:27,4.1,4.2,-,NaN,CNBB 0.00 03-Mar,0,CND100002BX3,4.1,4.2
AMBMBRM-01M,26-Jan-2011,09:00:27,26-Jan-2011,17:00:27,4.1,4.2,-,NaN,CNBB 0.00 03-Mar,0,CND100002BX3,4.1,4.2
AMBMBRM-01M,26-Jan-2011,09:00:27,26-Jan-2011,17:00:27,4.1,4.2,-,NaN,CNBB 0.00 03-Mar,0,CND100002BX3,4.1,4.2
AMBMBRM-01M,26-Jan-2011,09:00:27,26-Jan-2011,17:00:27,4.1,4.2,-,NaN,CNBB 0.00 03-Mar,0,CND100002BX3,4.1,4.2
AMBMBRM-01M,26-Jan-2011,09:00:27,26-Jan-2011,17:00:27,4.1,4.2,-,NaN,CNBB 0.00 03-Mar,0,CND100002BX3,4.1,4.2
AMBMBRM-01M,26-Jan-2011,09:00:28,26-Jan-2011,17:00:28,4.1,4.2,-,NaN,CNBB 0.00 03-Mar,0,CND100002BX3,4.1,4.2
AMBMBRM-01M,26-Jan-2011,09:00:30,26-Jan-2011,17:00:30,4.1,4.15,-,NaN,CNBB 0.00 03-Mar,0,CND100002BX3,4.1,4.15
AMBMBRM-01M,26-Jan-2011,09:00:30,26-Jan-2011,17:00:30,4.1,4.15,-,NaN,CNBB 0.00 03-Mar,0,CND100002BX3,4.1,4.15
AMBMBRM-01M,26-Jan-2011,09:00:33,26-Jan-2011,17:00:33,4.05,4.15,-,NaN,CNBB 0.00 03-Mar,0,CND100002BX3,4.05,4.15
AMBMBRM-01M,26-Jan-2011,09:00:33,26-Jan-2011,17:00:33,4.05,4.15,-,NaN,CNBB 0.00 03-Mar,0,CND100002BX3,4.05,4.15
AMBMBRM-01M,27-Jan-2011,10:44:47,27-Jan-2011,18:44:47,4.05,4.15,-,NaN,CNBB 0.00 03-Mar,0,CND100002BX3,4.05,4.15
AMBMBRM-01M,27-Jan-2011,10:44:47,27-Jan-2011,18:44:47,4.05,4.15,-,NaN,CNBB 0.00 03-Mar,0,CND100002BX3,4.05,4.15
AMBMBRM-01M,27-Jan-2011,10:44:47,27-Jan-2011,18:44:47,4.05,4.15,-,NaN,CNBB 0.00 03-Mar,0,CND100002BX3,4.05,4.15
AMBMBRM-01M,27-Jan-2011,10:44:48,27-Jan-2011,18:44:48,4.05,4.15,-,NaN,CNBB 0.00 03-Mar,0,CND100002BX3,4.05,4.15
AMBMBRM-01M,27-Jan-2011,10:44:48,27-Jan-2011,18:44:48,4.05,4.15,-,NaN,CNBB 0.00 03-Mar,0,CND100002BX3,4.05,4.15
AMBMBRM-01M,27-Jan-2011,10:44:48,27-Jan-2011,18:44:48,4.05,4.15,-,NaN,CNBB 0.00 03-Mar,0,CND100002BX3,4.05,4.15
AMBMBRM-01M,27-Jan-2011,10:44:48,27-Jan-2011,18:44:48,4.05,4.15,-,NaN,CNBB 0.00 03-Mar,0,CND100002BX3,4.05,4.15
AMBMBRM-01M,27-Jan-2011,10:44:48,27-Jan-2011,18:44:48,4.05,4.15,-,NaN,CNBB 0.00 03-Mar,0,CND100002BX3,4.05,4.15
AMBMBRM-01M,27-Jan-2011,10:45:04,27-Jan-2011,18:45:04,4.05,4.2,-,NaN,CNBB 0.00 03-Mar,0,CND100002BX3,4.05,4.2
AMBMBRM-01M,27-Jan-2011,10:45:04,27-Jan-2011,18:45:04,4.05,4.2,-,NaN,CNBB 0.00 03-Mar,0,CND100002BX3,4.05,4.2
AMBMBRM-01M,27-Jan-2011,10:45:06,27-Jan-2011,18:45:06,4.1,4.2,-,NaN,CNBB 0.00 03-Mar,0,CND100002BX3,4.1,4.2
AMBMBRM-01M,27-Jan-2011,10:45:06,27-Jan-2011,18:45:06,4.1,4.2,-,NaN,CNBB 0.00 03-Mar,0,CND100002BX3,4.1,4.2
AMBMBRM-01M,27-Jan-2011,18:00:41,28-Jan-2011,02:00:41,4.1,4.2,-,NaN,CNBB 0.00 03-Mar,0,CND100002BX3,4.1,4.2
AMBMBRM-01M,28-Jan-2011,08:33:36,28-Jan-2011,16:33:36,4.1,4.2,-,NaN,CNBB 0.00 03-Mar,0,CND100002BX3,4.1,4.2
AMBMBRM-01M,28-Jan-2011,08:33:36,28-Jan-2011,16:33:36,4.1,4.2,-,NaN,CNBB 0.00 03-Mar,0,CND100002BX3,4.1,4.2
AMBMBRM-01M,28-Jan-2011,08:33:36,28-Jan-2011,16:33:36,4.1,4.2,-,NaN,CNBB 0.00 03-Mar,0,CND100002BX3,4.1,4.2
AMBMBRM-01M,28-Jan-2011,08:33:36,28-Jan-2011,16:33:36,4.1,4.2,-,NaN,CNBB 0.00 03-Mar,0,CND100002BX3,4.1,4.2
AMBMBRM-01M,28-Jan-2011,08:33:37,28-Jan-2011,16:33:37,4.1,4.2,-,NaN,CNBB 0.00 03-Mar,0,CND100002BX3,4.1,4.2
AMBMBRM-01M,28-Jan-2011,08:33:37,28-Jan-2011,16:33:37,4.1,4.2,-,NaN,CNBB 0.00 03-Mar,0,CND100002BX3,4.1,4.2
AMBMBRM-01M,28-Jan-2011,08:33:37,28-Jan-2011,16:33:37,4.1,4.2,-,NaN,CNBB 0.00 03-Mar,0,CND100002BX3,4.1,4.2
AMBMBRM-01M,28-Jan-2011,08:33:37,28-Jan-2011,16:33:37,4.1,4.2,-,NaN,CNBB 0.00 03-Mar,0,CND100002BX3,4.1,4.2
AMBMBRM-01M,28-Jan-2011,08:33:42,28-Jan-2011,16:33:42,4.1,4.25,-,NaN,CNBB 0.00 03-Mar,0,CND100002BX3,4.1,4.25
AMBMBRM-01M,28-Jan-2011,08:33:42,28-Jan-2011,16:33:42,4.1,4.25,-,NaN,CNBB 0.00 03-Mar,0,CND100002BX3,4.1,4.25
AMBMBRM-01M,28-Jan-2011,08:33:44,28-Jan-2011,16:33:44,4.15,4.25,-,NaN,CNBB 0.00 03-Mar,0,CND100002BX3,4.15,4.25
AMBMBRM-01M,28-Jan-2011,08:33:44,28-Jan-2011,16:33:44,4.15,4.25,-,NaN,CNBB 0.00 03-Mar,0,CND100002BX3,4.15,4.25
AMBMBRM-01M,01-Feb-2011,00:12:12,01-Feb-2011,08:12:12,4.15,4.25,-,NaN,CNBB 0.00 03-Mar,0,CND100002BX3,4.15,4.25
AMBMBRM-01M,02-Feb-2011,05:52:37,02-Feb-2011,13:52:37,4.15,4.25,-,NaN,CNBB 0.00 03-Mar,0,CND100002BX3,4.15,4.25
AMBMBRM-01M,09-Feb-2011,08:52:21,09-Feb-2011,16:52:21,4.15,4.25,-,NaN,CNBB 0.00 03-Mar,0,CND100002BX3,4.15,4.25
AMBMBRM-01M,09-Feb-2011,08:52:21,09-Feb-2011,16:52:21,4.15,4.25,-,NaN,CNBB 0.00 03-Mar,0,CND100002BX3,4.15,4.25
AMBMBRM-01M,09-Feb-2011,08:52:21,09-Feb-2011,16:52:21,4.15,4.25,-,NaN,CNBB 0.00 03-Mar,0,CND100002BX3,4.15,4.25
AMBMBRM-01M,09-Feb-2011,08:52:21,09-Feb-2011,16:52:21,4.15,4.25,-,NaN,CNBB 0.00 03-Mar,0,CND100002BX3,4.15,4.25
AMBMBRM-01M,09-Feb-2011,08:52:21,09-Feb-2011,16:52:21,4.15,4.25,-,NaN,CNBB 0.00 03-Mar,0,CND100002BX3,4.15,4.25
AMBMBRM-01M,09-Feb-2011,08:52:21,09-Feb-2011,16:52:21,4.15,4.25,-,NaN,CNBB 0.00 03-Mar,0,CND100002BX3,4.15,4.25
AMBMBRM-01M,09-Feb-2011,08:52:21,09-Feb-2011,16:52:21,4.15,4.25,-,NaN,CNBB 0.00 03-Mar,0,CND100002BX3,4.15,4.25
AMBMBRM-01M,09-Feb-2011,08:52:21,09-Feb-2011,16:52:21,4.15,4.25,-,NaN,CNBB 0.00 03-Mar,0,CND100002BX3,4.15,4.25
AMBMBRM-01M,09-Feb-2011,08:56:01,09-Feb-2011,16:56:01,3.35,3.45,-,NaN,CNBB 0.00 03-Mar,0,CND100002BX3,3.35,3.45
AMBMBRM-01M,09-Feb-2011,08:56:01,09-Feb-2011,16:56:01,3.35,3.45,-,NaN,CNBB 0.00 03-Mar,0,CND100002BX3,3.35,3.45
AMBMBRM-01M,11-Feb-2011,04:40:13,11-Feb-2011,12:40:13,3.02,3.12,-,NaN,CNBB 0.00 03-Mar,0,CND100002BX3,3.02,3.12
AMBMBRM-01M,11-Feb-2011,04:46:24,11-Feb-2011,12:46:24,3.02,3.12,-,NaN,CNBB 0.00 03-Mar,0,CND100002BX3,3.02,3.12
AMBMBRM-01M,11-Feb-2011,04:47:49,11-Feb-2011,12:47:49,3.02,3.12,-,NaN,CNBB 0.00 03-Mar,0,CND100002BX3,3.02,3.12
AMBMBRM-01M,11-Feb-2011,04:58:13,11-Feb-2011,12:58:13,3.02,3.12,-,NaN,CNBB 0.00 03-Mar,0,CND100002BX3,3.02,3.12
AMBMBRM-01M,11-Feb-2011,04:59:50,11-Feb-2011,12:59:50,3.02,3.12,-,NaN,CNBB 0.00 03-Mar,0,CND100002BX3,3.02,3.12
AMBMBRM-01M,11-Feb-2011,05:58:25,11-Feb-2011,13:58:25,3.02,3.12,-,NaN,CNBB 0.00 03-Mar,0,CND100002BX3,3.02,3.12
AMBMBRM-01M,11-Feb-2011,09:16:31,11-Feb-2011,17:16:31,3.02,3.12,-,NaN,CNBB 0.00 03-Mar,0,CND100002BX3,3.02,3.12
AMBMBRM-01M,11-Feb-2011,09:16:32,11-Feb-2011,17:16:32,3.02,3.12,-,NaN,CNBB 0.00 03-Mar,0,CND100002BX3,3.02,3.12
AMBMBRM-01M,11-Feb-2011,09:16:32,11-Feb-2011,17:16:32,3.02,3.12,-,NaN,CNBB 0.00 03-Mar,0,CND100002BX3,3.02,3.12
AMBMBRM-01M,11-Feb-2011,09:16:32,11-Feb-2011,17:16:32,3.02,3.12,-,NaN,CNBB 0.00 03-Mar,0,CND100002BX3,3.02,3.12
AMBMBRM-01M,11-Feb-2011,09:16:32,11-Feb-2011,17:16:32,3.02,3.12,-,NaN,CNBB 0.00 03-Mar,0,CND100002BX3,3.02,3.12
AMBMBRM-01M,11-Feb-2011,09:16:32,11-Feb-2011,17:16:32,3.02,3.12,-,NaN,CNBB 0.00 03-Mar,0,CND100002BX3,3.02,3.12
AMBMBRM-01M,11-Feb-2011,09:16:32,11-Feb-2011,17:16:32,3.02,3.12,-,NaN,CNBB 0.00 03-Mar,0,CND100002BX3,3.02,3.12
AMBMBRM-01M,11-Feb-2011,09:16:32,11-Feb-2011,17:16:32,3.02,3.12,-,NaN,CNBB 0.00 03-Mar,0,CND100002BX3,3.02,3.12
AMBMBRM-01M,11-Feb-2011,09:16:45,11-Feb-2011,17:16:45,3.02,3.1,-,NaN,CNBB 0.00 03-Mar,0,CND100002BX3,3.02,3.1
AMBMBRM-01M,11-Feb-2011,09:16:47,11-Feb-2011,17:16:47,3.0,3.1,-,NaN,CNBB 0.00 03-Mar,0,CND100002BX3,3.0,3.1
AMBMBRM-01M,11-Feb-2011,09:16:47,11-Feb-2011,17:16:47,3.0,3.1,-,NaN,CNBB 0.00 03-Mar,0,CND100002BX3,3.0,3.1
AMBMBRM-01M,14-Feb-2011,09:00:01,14-Feb-2011,17:00:01,2.95,3.05,-,NaN,CNBB 0.00 24-Mar,0,CND100002FB0,2.95,3.05
AMBMBRM-01M,14-Feb-2011,09:00:01,14-Feb-2011,17:00:01,2.95,3.05,-,NaN,CNBB 0.00 24-Mar,0,CND100002FB0,2.95,3.05
AMBMBRM-01M,14-Feb-2011,09:00:01,14-Feb-2011,17:00:01,2.95,3.05,-,NaN,CNBB 0.00 24-Mar,0,CND100002FB0,2.95,3.05
AMBMBRM-01M,14-Feb-2011,09:00:01,14-Feb-2011,17:00:01,2.95,3.05,-,NaN,CNBB 0.00 24-Mar,0,CND100002FB0,2.95,3.05
AMBMBRM-01M,14-Feb-2011,09:00:17,14-Feb-2011,17:00:17,2.82,2.92,-,NaN,CNBB 0.00 24-Mar,0,CND100002FB0,2.82,2.92
AMBMBRM-01M,15-Feb-2011,10:05:32,15-Feb-2011,18:05:32,2.82,2.92,-,NaN,CNBB 0.00 24-Mar,0,CND100002FB0,2.82,2.92
AMBMBRM-01M,15-Feb-2011,10:05:32,15-Feb-2011,18:05:32,2.82,2.92,-,NaN,CNBB 0.00 24-Mar,0,CND100002FB0,2.82,2.92
AMBMBRM-01M,15-Feb-2011,10:05:32,15-Feb-2011,18:05:32,2.82,2.92,-,NaN,CNBB 0.00 24-Mar,0,CND100002FB0,2.82,2.92
AMBMBRM-01M,15-Feb-2011,10:05:32,15-Feb-2011,18:05:32,2.82,2.92,-,NaN,CNBB 0.00 24-Mar,0,CND100002FB0,2.82,2.92
AMBMBRM-01M,15-Feb-2011,10:05:41,15-Feb-2011,18:05:41,2.82,2.87,-,NaN,CNBB 0.00 24-Mar,0,CND100002FB0,2.82,2.87
AMBMBRM-01M,16-Feb-2011,01:21:06,16-Feb-2011,09:21:06,2.77,2.87,-,NaN,CNBB 0.00 24-Mar,0,CND100002FB0,2.77,2.87
AMBMBRM-01M,16-Feb-2011,02:12:11,16-Feb-2011,10:12:11,2.77,2.87,-,NaN,CNBB 0.00 24-Mar,0,CND100002FB0,2.77,2.87
AMBMBRM-01M,16-Feb-2011,09:05:54,16-Feb-2011,17:05:54,2.77,2.87,-,NaN,CNBB 0.00 24-Mar,0,CND100002FB0,2.77,2.87
AMBMBRM-01M,16-Feb-2011,09:38:50,16-Feb-2011,17:38:50,2.77,2.95,-,NaN,CNBB 0.00 24-Mar,0,CND100002FB0,2.77,2.95
AMBMBRM-01M,16-Feb-2011,09:38:53,16-Feb-2011,17:38:53,2.85,2.95,-,NaN,CNBB 0.00 24-Mar,0,CND100002FB0,2.85,2.95
AMBMBRM-01M,17-Feb-2011,18:00:40,18-Feb-2011,02:00:40,2.85,2.95,-,NaN,CNBB 0.00 24-Mar,0,CND100002FB0,2.85,2.95
AMBMBRM-01M,18-Feb-2011,09:29:01,18-Feb-2011,17:29:01,2.85,2.95,-,NaN,CNBB 0.00 24-Mar,0,CND100002FB0,2.85,2.95
AMBMBRM-01M,18-Feb-2011,09:29:01,18-Feb-2011,17:29:01,2.85,2.95,-,NaN,CNBB 0.00 24-Mar,0,CND100002FB0,2.85,2.95
AMBMBRM-01M,18-Feb-2011,09:29:01,18-Feb-2011,17:29:01,2.85,2.95,-,NaN,CNBB 0.00 24-Mar,0,CND100002FB0,2.85,2.95
AMBMBRM-01M,18-Feb-2011,09:29:01,18-Feb-2011,17:29:01,2.85,2.95,-,NaN,CNBB 0.00 24-Mar,0,CND100002FB0,2.85,2.95
AMBMBRM-01M,18-Feb-2011,09:29:20,18-Feb-2011,17:29:20,2.85,2.95,-,NaN,CNBB 0.00 24-Mar,0,CND100002FB0,2.85,2.95
AMBMBRM-01M,21-Feb-2011,06:41:19,21-Feb-2011,14:41:19,2.85,2.95,-,NaN,CNBB 0.00 24-Mar,0,CND100002FB0,2.85,2.95
AMBMBRM-01M,21-Feb-2011,08:35:02,21-Feb-2011,16:35:02,2.85,2.95,-,NaN,CNBB 0.00 24-Mar,0,CND100002FB0,2.85,2.95
AMBMBRM-01M,21-Feb-2011,08:35:02,21-Feb-2011,16:35:02,2.85,2.95,-,NaN,CNBB 0.00 24-Mar,0,CND100002FB0,2.85,2.95
AMBMBRM-01M,21-Feb-2011,08:35:03,21-Feb-2011,16:35:03,2.85,2.95,-,NaN,CNBB 0.00 24-Mar,0,CND100002FB0,2.85,2.95
AMBMBRM-01M,21-Feb-2011,08:35:03,21-Feb-2011,16:35:03,2.85,2.95,-,NaN,CNBB 0.00 24-Mar,0,CND100002FB0,2.85,2.95
AMBMBRM-01M,21-Feb-2011,08:35:06,21-Feb-2011,16:35:06,2.85,3.05,-,NaN,CNBB 0.00 24-Mar,0,CND100002FB0,2.85,3.05
AMBMBRM-01M,21-Feb-2011,08:35:08,21-Feb-2011,16:35:08,2.95,3.05,-,NaN,CNBB 0.00 24-Mar,0,CND100002FB0,2.95,3.05
AMBMBRM-01M,22-Feb-2011,08:42:00,22-Feb-2011,16:42:00,2.95,3.05,-,NaN,CNBB 0.00 24-Mar,0,CND100002FB0,2.95,3.05
AMBMBRM-01M,22-Feb-2011,08:42:00,22-Feb-2011,16:42:00,2.95,3.05,-,NaN,CNBB 0.00 24-Mar,0,CND100002FB0,2.95,3.05
AMBMBRM-01M,22-Feb-2011,08:42:00,22-Feb-2011,16:42:00,2.95,3.05,-,NaN,CNBB 0.00 24-Mar,0,CND100002FB0,2.95,3.05
AMBMBRM-01M,22-Feb-2011,08:42:00,22-Feb-2011,16:42:00,2.95,3.05,-,NaN,CNBB 0.00 24-Mar,0,CND100002FB0,2.95,3.05
AMBMBRM-01M,22-Feb-2011,08:42:12,22-Feb-2011,16:42:12,2.95,3.2,-,NaN,CNBB 0.00 24-Mar,0,CND100002FB0,2.95,3.2
AMBMBRM-01M,22-Feb-2011,08:42:14,22-Feb-2011,16:42:14,3.1,3.2,-,NaN,CNBB 0.00 24-Mar,0,CND100002FB0,3.1,3.2
AMBMBRM-01M,23-Feb-2011,10:21:24,23-Feb-2011,18:21:24,3.1,3.2,-,NaN,CNBB 0.00 24-Mar,0,CND100002FB0,3.1,3.2
AMBMBRM-01M,23-Feb-2011,10:21:24,23-Feb-2011,18:21:24,3.1,3.2,-,NaN,CNBB 0.00 24-Mar,0,CND100002FB0,3.1,3.2
AMBMBRM-01M,23-Feb-2011,10:21:25,23-Feb-2011,18:21:25,3.1,3.2,-,NaN,CNBB 0.00 24-Mar,0,CND100002FB0,3.1,3.2
AMBMBRM-01M,23-Feb-2011,10:21:25,23-Feb-2011,18:21:25,3.1,3.2,-,NaN,CNBB 0.00 24-Mar,0,CND100002FB0,3.1,3.2
AMBMBRM-01M,23-Feb-2011,10:21:36,23-Feb-2011,18:21:36,2.85,2.95,-,NaN,CNBB 0.00 24-Mar,0,CND100002FB0,2.85,2.95
AMBMBRM-01M,23-Feb-2011,23:36:16,24-Feb-2011,07:36:16,2.85,2.95,-,NaN,CNBB 0.00 24-Mar,0,CND100002FB0,2.85,2.95
AMBMBRM-01M,24-Feb-2011,08:45:02,24-Feb-2011,16:45:02,2.85,2.95,-,NaN,CNBB 0.00 24-Mar,0,CND100002FB0,2.85,2.95
AMBMBRM-01M,24-Feb-2011,08:45:03,24-Feb-2011,16:45:03,2.85,2.95,-,NaN,CNBB 0.00 24-Mar,0,CND100002FB0,2.85,2.95
AMBMBRM-01M,24-Feb-2011,08:45:03,24-Feb-2011,16:45:03,2.85,2.95,-,NaN,CNBB 0.00 24-Mar,0,CND100002FB0,2.85,2.95
AMBMBRM-01M,24-Feb-2011,08:45:03,24-Feb-2011,16:45:03,2.85,2.95,-,NaN,CNBB 0.00 24-Mar,0,CND100002FB0,2.85,2.95
AMBMBRM-01M,24-Feb-2011,18:00:37,25-Feb-2011,02:00:37,2.85,2.95,-,NaN,CNBB 0.00 24-Mar,0,CND100002FB0,2.85,2.95
AMBMBRM-01M,25-Feb-2011,01:13:42,25-Feb-2011,09:13:42,2.85,2.95,-,NaN,CNBB 0.00 24-Mar,0,CND100002FB0,2.85,2.95
AMBMBRM-01M,25-Feb-2011,01:13:42,25-Feb-2011,09:13:42,2.85,2.95,-,NaN,CNBB 0.00 24-Mar,0,CND100002FB0,2.85,2.95
AMBMBRM-01M,25-Feb-2011,01:13:42,25-Feb-2011,09:13:42,2.85,2.95,-,NaN,CNBB 0.00 24-Mar,0,CND100002FB0,2.85,2.95
AMBMBRM-01M,25-Feb-2011,01:13:42,25-Feb-2011,09:13:42,2.85,2.95,-,NaN,CNBB 0.00 24-Mar,0,CND100002FB0,2.85,2.95
AMBMBRM-01M,25-Feb-2011,08:48:32,25-Feb-2011,16:48:32,2.85,2.95,-,NaN,CNBB 0.00 24-Mar,0,CND100002FB0,2.85,2.95
AMBMBRM-01M,25-Feb-2011,08:48:32,25-Feb-2011,16:48:32,2.85,2.95,-,NaN,CNBB 0.00 24-Mar,0,CND100002FB0,2.85,2.95
AMBMBRM-01M,25-Feb-2011,08:48:32,25-Feb-2011,16:48:32,2.85,2.95,-,NaN,CNBB 0.00 24-Mar,0,CND100002FB0,2.85,2.95
AMBMBRM-01M,25-Feb-2011,08:48:32,25-Feb-2011,16:48:32,2.85,2.95,-,NaN,CNBB 0.00 24-Mar,0,CND100002FB0,2.85,2.95
AMBMBRM-01M,25-Feb-2011,08:48:52,25-Feb-2011,16:48:52,2.85,2.9,-,NaN,CNBB 0.00 24-Mar,0,CND100002FB0,2.85,2.9
AMBMBRM-01M,25-Feb-2011,08:48:54,25-Feb-2011,16:48:54,2.8,2.9,-,NaN,CNBB 0.00 24-Mar,0,CND100002FB0,2.8,2.9
AMBMBRM-01M,25-Feb-2011,09:55:07,25-Feb-2011,17:55:07,2.8,2.9,-,NaN,CNBB 0.00 24-Mar,0,CND100002FB0,2.8,2.9
AMBMBRM-01M,28-Feb-2011,11:26:46,28-Feb-2011,19:26:46,2.8,2.9,-,NaN,CNBB 0.00 24-Mar,0,CND100002FB0,2.8,2.9
AMBMBRM-01M,28-Feb-2011,11:26:46,28-Feb-2011,19:26:46,2.8,2.9,-,NaN,CNBB 0.00 24-Mar,0,CND100002FB0,2.8,2.9
AMBMBRM-01M,28-Feb-2011,11:26:48,28-Feb-2011,19:26:48,2.8,2.9,-,NaN,CNBB  ,0,CND100002GL7,2.8,2.9
AMBMBRM-01M,28-Feb-2011,11:26:52,28-Feb-2011,19:26:52,2.8,2.85,-,NaN,CNBB  ,0,CND100002GL7,2.8,2.85
AMBMBRM-01M,28-Feb-2011,11:26:56,28-Feb-2011,19:26:56,2.75,2.85,-,NaN,CNBB  ,0,CND100002GL7,2.75,2.85
AMBMBRM-01M,28-Feb-2011,11:26:59,28-Feb-2011,19:26:59,2.75,2.85,-,NaN,CNBB  ,0,CND100002GL7,2.75,2.85
AMBMBRM-01M,28-Feb-2011,11:26:59,28-Feb-2011,19:26:59,2.75,2.85,-,NaN,CNBB  ,0,CND100002GL7,2.75,2.85
AMBMBRM-01M,28-Feb-2011,11:26:59,28-Feb-2011,19:26:59,2.75,2.85,-,NaN,CNBB 0.00 31-Mar,0,CND100002GL7,2.75,2.85
AMBMBRM-01M,01-Mar-2011,09:36:10,01-Mar-2011,17:36:10,2.75,2.85,-,NaN,CNBB 0.00 31-Mar,0,CND100002GL7,2.75,2.85
AMBMBRM-01M,01-Mar-2011,09:36:51,01-Mar-2011,17:36:51,2.75,2.85,-,NaN,CNBB 0.00 31-Mar,0,CND100002GL7,2.75,2.85
AMBMBRM-01M,01-Mar-2011,09:36:51,01-Mar-2011,17:36:51,2.75,2.85,-,NaN,CNBB 0.00 31-Mar,0,CND100002GL7,2.75,2.85
AMBMBRM-01M,01-Mar-2011,09:36:52,01-Mar-2011,17:36:52,2.75,2.85,-,NaN,CNBB 0.00 31-Mar,0,CND100002GL7,2.75,2.85
AMBMBRM-01M,01-Mar-2011,09:36:52,01-Mar-2011,17:36:52,2.75,2.85,-,NaN,CNBB 0.00 31-Mar,0,CND100002GL7,2.75,2.85
AMBMBRM-01M,01-Mar-2011,09:37:04,01-Mar-2011,17:37:04,2.55,2.65,-,NaN,CNBB 0.00 31-Mar,0,CND100002GL7,2.55,2.65
AMBMBRM-01M,02-Mar-2011,09:17:39,02-Mar-2011,17:17:39,2.55,2.65,-,NaN,CNBB 0.00 31-Mar,0,CND100002GL7,2.55,2.65
AMBMBRM-01M,02-Mar-2011,09:17:39,02-Mar-2011,17:17:39,2.55,2.65,-,NaN,CNBB 0.00 31-Mar,0,CND100002GL7,2.55,2.65
AMBMBRM-01M,02-Mar-2011,09:17:39,02-Mar-2011,17:17:39,2.55,2.65,-,NaN,CNBB 0.00 31-Mar,0,CND100002GL7,2.55,2.65
AMBMBRM-01M,02-Mar-2011,09:17:39,02-Mar-2011,17:17:39,2.55,2.65,-,NaN,CNBB 0.00 31-Mar,0,CND100002GL7,2.55,2.65
AMBMBRM-01M,02-Mar-2011,09:52:10,02-Mar-2011,17:52:10,2.55,2.65,-,NaN,CNBB 0.00 31-Mar,0,CND100002GL7,2.55,2.65
AMBMBRM-01M,03-Mar-2011,06:12:24,03-Mar-2011,14:12:24,2.55,2.65,-,NaN,CNBB 0.00 31-Mar,0,CND100002GL7,2.55,2.65
AMBMBRM-01M,03-Mar-2011,08:48:51,03-Mar-2011,16:48:51,2.55,2.65,-,NaN,CNBB 0.00 31-Mar,0,CND100002GL7,2.55,2.65
AMBMBRM-01M,03-Mar-2011,08:58:11,03-Mar-2011,16:58:11,2.55,2.65,-,NaN,CNBB 0.00 31-Mar,0,CND100002GL7,2.55,2.65
AMBMBRM-01M,03-Mar-2011,08:58:12,03-Mar-2011,16:58:12,2.55,2.65,-,NaN,CNBB 0.00 31-Mar,0,CND100002GL7,2.55,2.65
AMBMBRM-01M,03-Mar-2011,08:58:12,03-Mar-2011,16:58:12,2.55,2.65,-,NaN,CNBB 0.00 31-Mar,0,CND100002GL7,2.55,2.65
AMBMBRM-01M,03-Mar-2011,08:58:12,03-Mar-2011,16:58:12,2.55,2.65,-,NaN,CNBB 0.00 31-Mar,0,CND100002GL7,2.55,2.65
AMBMBRM-01M,03-Mar-2011,08:58:31,03-Mar-2011,16:58:31,2.35,2.45,-,NaN,CNBB 0.00 31-Mar,0,CND100002GL7,2.35,2.45
AMBMBRM-01M,03-Mar-2011,18:00:41,04-Mar-2011,02:00:41,2.35,2.45,-,NaN,CNBB 0.00 31-Mar,0,CND100002GL7,2.35,2.45
AMBMBRM-01M,04-Mar-2011,08:38:49,04-Mar-2011,16:38:49,2.35,2.45,-,NaN,CNBB 0.00 31-Mar,0,CND100002GL7,2.35,2.45
AMBMBRM-01M,04-Mar-2011,08:38:49,04-Mar-2011,16:38:49,2.35,2.45,-,NaN,CNBB 0.00 31-Mar,0,CND100002GL7,2.35,2.45
AMBMBRM-01M,04-Mar-2011,08:38:49,04-Mar-2011,16:38:49,2.35,2.45,-,NaN,CNBB 0.00 31-Mar,0,CND100002GL7,2.35,2.45
AMBMBRM-01M,04-Mar-2011,08:38:49,04-Mar-2011,16:38:49,2.35,2.45,-,NaN,CNBB 0.00 31-Mar,0,CND100002GL7,2.35,2.45
AMBMBRM-01M,04-Mar-2011,08:38:54,04-Mar-2011,16:38:54,2.2,2.3,-,NaN,CNBB 0.00 31-Mar,0,CND100002GL7,2.2,2.3
AMBMBRM-01M,07-Mar-2011,00:55:24,07-Mar-2011,08:55:24,2.2,2.3,-,NaN,CNBB 0.00 31-Mar,0,CND100002GL7,2.2,2.3
AMBMBRM-01M,07-Mar-2011,10:59:36,07-Mar-2011,18:59:36,2.2,2.3,-,NaN,CNBB 0.00 31-Mar,0,CND100002GL7,2.2,2.3
AMBMBRM-01M,07-Mar-2011,10:59:36,07-Mar-2011,18:59:36,2.2,2.3,-,NaN,CNBB 0.00 31-Mar,0,CND100002GL7,2.2,2.3
AMBMBRM-01M,07-Mar-2011,10:59:38,07-Mar-2011,18:59:38,2.2,2.3,-,NaN,CNBB  ,0,CND100002GL7,2.2,2.3
AMBMBRM-01M,07-Mar-2011,10:59:40,07-Mar-2011,18:59:40,2.2,2.3,-,NaN,CNBB  ,0,CND100002GL7,2.2,2.3
AMBMBRM-01M,07-Mar-2011,10:59:40,07-Mar-2011,18:59:40,2.2,2.3,-,NaN,CNBB  ,0,CND100002GL7,2.2,2.3
AMBMBRM-01M,07-Mar-2011,10:59:40,07-Mar-2011,18:59:40,2.2,2.3,-,NaN,CNBB 0.00 31-Mar,0,CND100002GL7,2.2,2.3
AMBMBRM-01M,07-Mar-2011,10:59:43,07-Mar-2011,18:59:43,2.2,2.25,-,NaN,CNBB 0.00 31-Mar,0,CND100002GL7,2.2,2.25
AMBMBRM-01M,07-Mar-2011,10:59:45,07-Mar-2011,18:59:45,2.15,2.25,-,NaN,CNBB 0.00 31-Mar,0,CND100002GL7,2.15,2.25
AMBMBRM-01M,08-Mar-2011,09:17:04,08-Mar-2011,17:17:04,2.15,2.25,-,NaN,CNBB 0.00 31-Mar,0,CND100002GL7,2.15,2.25
AMBMBRM-01M,08-Mar-2011,09:17:04,08-Mar-2011,17:17:04,2.15,2.25,-,NaN,CNBB 0.00 31-Mar,0,CND100002GL7,2.15,2.25
AMBMBRM-01M,08-Mar-2011,09:17:04,08-Mar-2011,17:17:04,2.15,2.25,-,NaN,CNBB 0.00 31-Mar,0,CND100002GL7,2.15,2.25
AMBMBRM-01M,08-Mar-2011,09:17:04,08-Mar-2011,17:17:04,2.15,2.25,-,NaN,CNBB 0.00 31-Mar,0,CND100002GL7,2.15,2.25
AMBMBRM-01M,08-Mar-2011,09:17:13,08-Mar-2011,17:17:13,2.15,2.27,-,NaN,CNBB 0.00 31-Mar,0,CND100002GL7,2.15,2.27
AMBMBRM-01M,08-Mar-2011,09:17:14,08-Mar-2011,17:17:14,2.17,2.27,-,NaN,CNBB 0.00 31-Mar,0,CND100002GL7,2.17,2.27
AMBMBRM-01M,09-Mar-2011,10:34:15,09-Mar-2011,18:34:15,2.17,2.27,-,NaN,CNBB 0.00 31-Mar,0,CND100002GL7,2.17,2.27
AMBMBRM-01M,09-Mar-2011,10:34:15,09-Mar-2011,18:34:15,2.17,2.27,-,NaN,CNBB 0.00 31-Mar,0,CND100002GL7,2.17,2.27
AMBMBRM-01M,09-Mar-2011,10:34:15,09-Mar-2011,18:34:15,2.17,2.27,-,NaN,CNBB 0.00 31-Mar,0,CND100002GL7,2.17,2.27
AMBMBRM-01M,09-Mar-2011,10:34:15,09-Mar-2011,18:34:15,2.17,2.27,-,NaN,CNBB  ,0,CND100002GL7,2.17,2.27
AMBMBRM-01M,09-Mar-2011,10:34:16,09-Mar-2011,18:34:16,2.17,2.27,-,NaN,CNBB  ,0,CND100002GL7,2.17,2.27
AMBMBRM-01M,09-Mar-2011,10:34:16,09-Mar-2011,18:34:16,2.17,2.27,-,NaN,CNBB  ,0,CND100002GL7,2.17,2.27
AMBMBRM-01M,09-Mar-2011,10:34:16,09-Mar-2011,18:34:16,2.17,2.27,-,NaN,CNBB 0.00 31-Mar,0,CND100002GL7,2.17,2.27
AMBMBRM-01M,09-Mar-2011,10:34:38,09-Mar-2011,18:34:38,2.17,2.3,-,NaN,CNBB 0.00 31-Mar,0,CND100002GL7,2.17,2.3
AMBMBRM-01M,09-Mar-2011,10:34:39,09-Mar-2011,18:34:39,2.2,2.3,-,NaN,CNBB 0.00 31-Mar,0,CND100002GL7,2.2,2.3
AMBMBRM-01M,10-Mar-2011,08:36:14,10-Mar-2011,16:36:14,2.2,2.3,-,NaN,CNBB 0.00 31-Mar,0,CND100002GL7,2.2,2.3
AMBMBRM-01M,10-Mar-2011,08:36:15,10-Mar-2011,16:36:15,2.2,2.3,-,NaN,CNBB 0.00 31-Mar,0,CND100002GL7,2.2,2.3
AMBMBRM-01M,10-Mar-2011,08:36:15,10-Mar-2011,16:36:15,2.2,2.3,-,NaN,CNBB 0.00 31-Mar,0,CND100002GL7,2.2,2.3
AMBMBRM-01M,10-Mar-2011,08:36:15,10-Mar-2011,16:36:15,2.2,2.3,-,NaN,CNBB 0.00 31-Mar,0,CND100002GL7,2.2,2.3
AMBMBRM-01M,11-Mar-2011,03:54:57,11-Mar-2011,11:54:57,2.2,2.3,-,NaN,CNBB 0.00 31-Mar,0,CND100002GL7,2.2,2.3
AMBMBRM-01M,11-Mar-2011,09:38:19,11-Mar-2011,17:38:19,2.2,2.3,-,NaN,CNBB 0.00 31-Mar,0,CND100002GL7,2.2,2.3
AMBMBRM-01M,11-Mar-2011,09:38:19,11-Mar-2011,17:38:19,2.2,2.3,-,NaN,CNBB 0.00 31-Mar,0,CND100002GL7,2.2,2.3
AMBMBRM-01M,11-Mar-2011,09:38:19,11-Mar-2011,17:38:19,2.2,2.3,-,NaN,CNBB 0.00 31-Mar,0,CND100002GL7,2.2,2.3
AMBMBRM-01M,11-Mar-2011,09:38:20,11-Mar-2011,17:38:20,2.2,2.3,-,NaN,CNBB  ,0,CND100002GL7,2.2,2.3
AMBMBRM-01M,11-Mar-2011,09:38:20,11-Mar-2011,17:38:20,2.2,2.3,-,NaN,CNBB  ,0,CND100002GL7,2.2,2.3
AMBMBRM-01M,11-Mar-2011,09:38:20,11-Mar-2011,17:38:20,2.2,2.3,-,NaN,CNBB  ,0,CND100002GL7,2.2,2.3
AMBMBRM-01M,11-Mar-2011,09:38:20,11-Mar-2011,17:38:20,2.2,2.3,-,NaN,CNBB 0.00 31-Mar,0,CND100002GL7,2.2,2.3
AMBMBRM-01M,14-Mar-2011,07:51:56,14-Mar-2011,15:51:56,2.2,2.3,-,NaN,CNBB 0.00 31-Mar,0,CND100002GL7,2.2,2.3
AMBMBRM-01M,14-Mar-2011,09:17:13,14-Mar-2011,17:17:13,2.2,2.3,-,NaN,CNBB 0.00 31-Mar,0,CND100002GL7,2.2,2.3
AMBMBRM-01M,14-Mar-2011,09:17:13,14-Mar-2011,17:17:13,2.2,2.3,-,NaN,CNBB 0.00 31-Mar,0,CND100002GL7,2.2,2.3
AMBMBRM-01M,14-Mar-2011,09:17:13,14-Mar-2011,17:17:13,2.2,2.3,-,NaN,CNBB 0.00 31-Mar,0,CND100002KR6,2.2,2.3
AMBMBRM-01M,14-Mar-2011,09:17:13,14-Mar-2011,17:17:13,2.2,2.3,-,NaN,CNBB 0.00 28-Apr,0,CND100002KR6,2.2,2.3
AMBMBRM-01M,14-Mar-2011,09:17:19,14-Mar-2011,17:17:19,2.2,2.35,-,NaN,CNBB 0.00 28-Apr,0,CND100002KR6,2.2,2.35
AMBMBRM-01M,14-Mar-2011,09:17:22,14-Mar-2011,17:17:22,2.25,2.35,-,NaN,CNBB 0.00 28-Apr,0,CND100002KR6,2.25,2.35
AMBMBRM-01M,15-Mar-2011,08:52:18,15-Mar-2011,16:52:18,2.25,2.35,-,NaN,CNBB 0.00 28-Apr,0,CND100002KR6,2.25,2.35
AMBMBRM-01M,15-Mar-2011,08:52:18,15-Mar-2011,16:52:18,2.25,2.35,-,NaN,CNBB 0.00 28-Apr,0,CND100002KR6,2.25,2.35
AMBMBRM-01M,15-Mar-2011,08:52:19,15-Mar-2011,16:52:19,2.25,2.35,-,NaN,CNBB 0.00 28-Apr,0,CND100002KR6,2.25,2.35
AMBMBRM-01M,15-Mar-2011,08:52:19,15-Mar-2011,16:52:19,2.25,2.35,-,NaN,CNBB 0.00 28-Apr,0,CND100002KR6,2.25,2.35
AMBMBRM-01M,15-Mar-2011,08:55:09,15-Mar-2011,16:55:09,2.25,2.45,-,NaN,CNBB 0.00 28-Apr,0,CND100002KR6,2.25,2.45
AMBMBRM-01M,15-Mar-2011,08:55:11,15-Mar-2011,16:55:11,2.35,2.45,-,NaN,CNBB 0.00 28-Apr,0,CND100002KR6,2.35,2.45
AMBMBRM-01M,16-Mar-2011,09:15:52,16-Mar-2011,17:15:52,2.35,2.45,-,NaN,CNBB 0.00 28-Apr,0,CND100002KR6,2.35,2.45
AMBMBRM-01M,16-Mar-2011,09:15:52,16-Mar-2011,17:15:52,2.35,2.45,-,NaN,CNBB 0.00 28-Apr,0,CND100002KR6,2.35,2.45
AMBMBRM-01M,16-Mar-2011,09:15:53,16-Mar-2011,17:15:53,2.35,2.45,-,NaN,CNBB 0.00 28-Apr,0,CND100002KR6,2.35,2.45
AMBMBRM-01M,16-Mar-2011,09:15:53,16-Mar-2011,17:15:53,2.35,2.45,-,NaN,CNBB 0.00 28-Apr,0,CND100002KR6,2.35,2.45
AMBMBRM-01M,16-Mar-2011,09:15:55,16-Mar-2011,17:15:55,2.35,2.35,-,NaN,CNBB 0.00 28-Apr,0,CND100002KR6,2.35,2.35
AMBMBRM-01M,16-Mar-2011,09:15:58,16-Mar-2011,17:15:58,2.25,2.35,-,NaN,CNBB 0.00 28-Apr,0,CND100002KR6,2.25,2.35
AMBMBRM-01M,17-Mar-2011,08:59:08,17-Mar-2011,16:59:08,2.25,2.35,-,NaN,CNBB 0.00 28-Apr,0,CND100002KR6,2.25,2.35
AMBMBRM-01M,17-Mar-2011,08:59:08,17-Mar-2011,16:59:08,2.25,2.35,-,NaN,CNBB 0.00 28-Apr,0,CND100002KR6,2.25,2.35
AMBMBRM-01M,17-Mar-2011,18:00:42,18-Mar-2011,02:00:42,2.25,2.35,-,NaN,CNBB 0.00 28-Apr,0,CND100002KR6,2.25,2.35
AMBMBRM-01M,17-Mar-2011,23:57:35,18-Mar-2011,07:57:35,2.25,2.35,-,NaN,CNBB 0.00 28-Apr,0,CND100002KR6,2.25,2.35
AMBMBRM-01M,21-Mar-2011,08:55:42,21-Mar-2011,16:55:42,2.25,2.35,-,NaN,CNBB 0.00 28-Apr,0,CND100002KR6,2.25,2.35
AMBMBRM-01M,21-Mar-2011,08:55:42,21-Mar-2011,16:55:42,2.25,2.35,-,NaN,CNBB 0.00 28-Apr,0,CND100002KR6,2.25,2.35
AMBMBRM-01M,21-Mar-2011,08:55:42,21-Mar-2011,16:55:42,2.25,2.35,-,NaN,CNBB 0.00 28-Apr,0,CND100002KR6,2.25,2.35
AMBMBRM-01M,21-Mar-2011,08:55:42,21-Mar-2011,16:55:42,2.25,2.35,-,NaN,CNBB 0.00 28-Apr,0,CND100002KR6,2.25,2.35
AMBMBRM-01M,21-Mar-2011,08:55:57,21-Mar-2011,16:55:57,2.25,2.25,-,NaN,CNBB 0.00 28-Apr,0,CND100002KR6,2.25,2.25
AMBMBRM-01M,21-Mar-2011,08:56:00,21-Mar-2011,16:56:00,2.15,2.25,-,NaN,CNBB 0.00 28-Apr,0,CND100002KR6,2.15,2.25
AMBMBRM-01M,22-Mar-2011,10:18:35,22-Mar-2011,18:18:35,2.15,2.3,-,NaN,CNBB 0.00 28-Apr,0,CND100002KR6,2.15,2.3
AMBMBRM-01M,22-Mar-2011,10:18:37,22-Mar-2011,18:18:37,2.2,2.3,-,NaN,CNBB 0.00 28-Apr,0,CND100002KR6,2.2,2.3
AMBMBRM-01M,23-Mar-2011,09:13:12,23-Mar-2011,17:13:12,2.2,2.3,-,NaN,CNBB 0.00 28-Apr,0,CND100002KR6,2.2,2.3
AMBMBRM-01M,23-Mar-2011,09:13:12,23-Mar-2011,17:13:12,2.2,2.3,-,NaN,CNBB 0.00 28-Apr,0,CND100002KR6,2.2,2.3
AMBMBRM-01M,23-Mar-2011,09:13:13,23-Mar-2011,17:13:13,2.2,2.3,-,NaN,CNBB 0.00 28-Apr,0,CND100002KR6,2.2,2.3
AMBMBRM-01M,23-Mar-2011,09:13:13,23-Mar-2011,17:13:13,2.2,2.3,-,NaN,CNBB 0.00 28-Apr,0,CND100002KR6,2.2,2.3
AMBMBRM-01M,24-Mar-2011,05:31:15,24-Mar-2011,13:31:15,2.2,2.3,-,NaN,CNBB 0.00 28-Apr,0,CND100002KR6,2.2,2.3
AMBMBRM-01M,24-Mar-2011,07:13:06,24-Mar-2011,15:13:06,2.2,2.3,-,NaN,CNBB 0.00 28-Apr,0,CND100002KR6,2.2,2.3
AMBMBRM-01M,25-Mar-2011,08:53:04,25-Mar-2011,16:53:04,2.2,2.75,-,NaN,CNBB 0.00 28-Apr,0,CND100002KR6,2.2,2.75
AMBMBRM-01M,25-Mar-2011,09:01:13,25-Mar-2011,17:01:13,2.2,2.75,-,NaN,CNBB 0.00 28-Apr,0,CND100002KR6,2.2,2.75
AMBMBRM-01M,25-Mar-2011,09:01:13,25-Mar-2011,17:01:13,2.2,2.75,-,NaN,CNBB 0.00 28-Apr,0,CND100002KR6,2.2,2.75
AMBMBRM-01M,25-Mar-2011,09:01:13,25-Mar-2011,17:01:13,2.2,2.75,-,NaN,CNBB 0.00 28-Apr,0,CND100002KR6,2.2,2.75
AMBMBRM-01M,25-Mar-2011,09:01:13,25-Mar-2011,17:01:13,2.2,2.75,-,NaN,CNBB 0.00 28-Apr,0,CND100002KR6,2.2,2.75
AMBMBRM-01M,25-Mar-2011,09:03:18,25-Mar-2011,17:03:18,2.65,2.75,-,NaN,CNBB 0.00 28-Apr,0,CND100002KR6,2.65,2.75
AMBMBRM-01M,25-Mar-2011,09:03:30,25-Mar-2011,17:03:30,2.65,2.75,-,NaN,CNBB 0.00 28-Apr,0,CND100002KR6,2.65,2.75
AMBMBRM-01M,25-Mar-2011,09:03:30,25-Mar-2011,17:03:30,2.65,2.75,-,NaN,CNBB 0.00 28-Apr,0,CND100002KR6,2.65,2.75
AMBMBRM-01M,25-Mar-2011,09:03:30,25-Mar-2011,17:03:30,2.65,2.75,-,NaN,CNBB 0.00 28-Apr,0,CND100002KR6,2.65,2.75
AMBMBRM-01M,25-Mar-2011,09:03:31,25-Mar-2011,17:03:31,2.65,2.75,-,NaN,CNBB 0.00 28-Apr,0,CND100002KR6,2.65,2.75
AMBMBRM-01M,25-Mar-2011,09:05:40,25-Mar-2011,17:05:40,2.65,2.75,-,NaN,CNBB 0.00 28-Apr,0,CND100002KR6,2.65,2.75
AMBMBRM-01M,28-Mar-2011,09:10:11,28-Mar-2011,17:10:11,2.65,2.75,-,NaN,CNBB 0.00 05-May,0,CND100002KR6,2.65,2.75
AMBMBRM-01M,28-Mar-2011,09:10:12,28-Mar-2011,17:10:12,2.65,2.75,-,NaN,CNBB 0.00 05-May,0,CND100002LJ1,2.65,2.75
AMBMBRM-01M,28-Mar-2011,09:10:12,28-Mar-2011,17:10:12,2.65,2.75,-,NaN,CNBB 0.00 05-May,0,CND100002LJ1,2.65,2.75
AMBMBRM-01M,28-Mar-2011,09:10:12,28-Mar-2011,17:10:12,2.65,2.75,-,NaN,CNBB 0.00 05-May,0,CND100002LJ1,2.65,2.75
AMBMBRM-01M,28-Mar-2011,09:10:12,28-Mar-2011,17:10:12,2.65,2.75,-,NaN,CNBB 0.00 05-May,0,CND100002LJ1,2.65,2.75
AMBMBRM-01M,28-Mar-2011,09:10:13,28-Mar-2011,17:10:13,2.65,2.75,-,NaN,CNBB 0.00 05-May,0,CND100002LJ1,2.65,2.75
AMBMBRM-01M,28-Mar-2011,09:10:13,28-Mar-2011,17:10:13,2.65,2.75,-,NaN,CNBB 0.00 05-May,0,CND100002LJ1,2.65,2.75
AMBMBRM-01M,28-Mar-2011,09:10:13,28-Mar-2011,17:10:13,2.65,2.75,-,NaN,CNBB 0.00 05-May,0,CND100002LJ1,2.65,2.75
AMBMBRM-01M,29-Mar-2011,01:19:34,29-Mar-2011,09:19:34,2.65,2.75,-,NaN,CNBB 0.00 05-May,0,CND100002LJ1,2.65,2.75
AMBMBRM-01M,29-Mar-2011,01:22:24,29-Mar-2011,09:22:24,2.65,2.75,-,NaN,CNBB 0.00 05-May,0,CND100002LJ1,2.65,2.75
AMBMBRM-01M,29-Mar-2011,09:56:16,29-Mar-2011,17:56:16,2.18,2.28,-,NaN,CNBB 0.00 05-May,0,CND100002LJ1,2.18,2.28
AMBMBRM-01M,29-Mar-2011,09:56:16,29-Mar-2011,17:56:16,2.18,2.28,-,NaN,CNBB 0.00 05-May,0,CND100002LJ1,2.18,2.28
AMBMBRM-01M,30-Mar-2011,08:28:17,30-Mar-2011,16:28:17,2.18,2.28,-,NaN,CNBB 0.00 05-May,0,CND100002LJ1,2.18,2.28
AMBMBRM-01M,30-Mar-2011,08:46:57,30-Mar-2011,16:46:57,2.18,2.25,-,NaN,CNBB 0.00 05-May,0,CND100002LJ1,2.18,2.25
AMBMBRM-01M,30-Mar-2011,08:46:57,30-Mar-2011,16:46:57,2.18,2.25,-,NaN,CNBB 0.00 05-May,0,CND100002LJ1,2.18,2.25
AMBMBRM-01M,30-Mar-2011,08:46:59,30-Mar-2011,16:46:59,2.15,2.25,-,NaN,CNBB 0.00 05-May,0,CND100002LJ1,2.15,2.25
AMBMBRM-01M,30-Mar-2011,08:46:59,30-Mar-2011,16:46:59,2.15,2.25,-,NaN,CNBB 0.00 05-May,0,CND100002LJ1,2.15,2.25
AMBMBRM-01M,31-Mar-2011,05:48:16,31-Mar-2011,13:48:16,2.15,2.25,-,NaN,CNBB 0.00 05-May,0,CND100002LJ1,2.15,2.25
AMBMBRM-01M,31-Mar-2011,09:53:57,31-Mar-2011,17:53:57,2.15,2.25,-,NaN,CNBB 0.00 05-May,0,CND100002LJ1,2.15,2.25
AMBMBRM-01M,31-Mar-2011,09:53:57,31-Mar-2011,17:53:57,2.15,2.25,-,NaN,CNBB 0.00 05-May,0,CND100002LJ1,2.15,2.25
AMBMBRM-01M,31-Mar-2011,09:53:57,31-Mar-2011,17:53:57,2.15,2.25,-,NaN,CNBB 0.00 05-May,0,CND100002LJ1,2.15,2.25
AMBMBRM-01M,31-Mar-2011,09:53:57,31-Mar-2011,17:53:57,2.15,2.25,-,NaN,CNBB 0.00 05-May,0,CND100002LJ1,2.15,2.25
AMBMBRM-01M,31-Mar-2011,09:53:57,31-Mar-2011,17:53:57,2.15,2.25,-,NaN,CNBB 0.00 05-May,0,CND100002LJ1,2.15,2.25
AMBMBRM-01M,31-Mar-2011,09:53:57,31-Mar-2011,17:53:57,2.15,2.25,-,NaN,CNBB 0.00 05-May,0,CND100002LJ1,2.15,2.25
AMBMBRM-01M,31-Mar-2011,09:53:57,31-Mar-2011,17:53:57,2.15,2.25,-,NaN,CNBB 0.00 05-May,0,CND100002LJ1,2.15,2.25
AMBMBRM-01M,31-Mar-2011,09:53:57,31-Mar-2011,17:53:57,2.15,2.25,-,NaN,CNBB 0.00 05-May,0,CND100002LJ1,2.15,2.25
AMBMBRM-01M,31-Mar-2011,18:00:33,01-Apr-2011,02:00:33,2.15,2.25,-,NaN,CNBB 0.00 05-May,0,CND100002LJ1,2.15,2.25
AMBMBRM-01M,01-Apr-2011,01:34:24,01-Apr-2011,09:34:24,2.15,2.25,-,NaN,CNBB 0.00 05-May,0,CND100002LJ1,2.15,2.25
AMBMBRM-01M,01-Apr-2011,01:52:04,01-Apr-2011,09:52:04,2.15,2.25,-,NaN,CNBB 0.00 05-May,0,CND100002LJ1,2.15,2.25
AMBMBRM-01M,01-Apr-2011,01:57:20,01-Apr-2011,09:57:20,2.15,2.25,-,NaN,CNBB 0.00 05-May,0,CND100002LJ1,2.15,2.25
AMBMBRM-01M,01-Apr-2011,02:16:27,01-Apr-2011,10:16:27,2.15,2.25,-,NaN,CNBB 0.00 05-May,0,CND100002LJ1,2.15,2.25
AMBMBRM-01M,05-Apr-2011,07:01:24,05-Apr-2011,15:01:24,2.15,2.25,-,NaN,CNBB 0.00 05-May,0,CND100002LJ1,2.15,2.25
AMBMBRM-01M,06-Apr-2011,09:10:51,06-Apr-2011,17:10:51,2.15,2.25,-,NaN,CNBB 0.00 05-May,0,CND100002LJ1,2.15,2.25
AMBMBRM-01M,06-Apr-2011,09:10:51,06-Apr-2011,17:10:51,2.15,2.25,-,NaN,CNBB 0.00 05-May,0,CND100002LJ1,2.15,2.25
AMBMBRM-01M,06-Apr-2011,09:10:51,06-Apr-2011,17:10:51,2.15,2.25,-,NaN,CNBB 0.00 05-May,0,CND100002LJ1,2.15,2.25
AMBMBRM-01M,06-Apr-2011,09:10:51,06-Apr-2011,17:10:51,2.15,2.25,-,NaN,CNBB 0.00 05-May,0,CND100002LJ1,2.15,2.25
AMBMBRM-01M,06-Apr-2011,09:12:37,06-Apr-2011,17:12:37,2.15,2.5,-,NaN,CNBB 0.00 05-May,0,CND100002LJ1,2.15,2.5
AMBMBRM-01M,06-Apr-2011,09:12:40,06-Apr-2011,17:12:40,2.4,2.5,-,NaN,CNBB 0.00 05-May,0,CND100002LJ1,2.4,2.5
AMBMBRM-01M,07-Apr-2011,01:08:42,07-Apr-2011,09:08:42,2.4,2.5,-,NaN,CNBB 0.00 05-May,0,CND100002LJ1,2.4,2.5
AMBMBRM-01M,07-Apr-2011,09:02:24,07-Apr-2011,17:02:24,2.4,2.5,-,NaN,CNBB 0.00 05-May,0,CND100002LJ1,2.4,2.5
AMBMBRM-01M,07-Apr-2011,09:02:24,07-Apr-2011,17:02:24,2.4,2.5,-,NaN,CNBB 0.00 05-May,0,CND100002LJ1,2.4,2.5
AMBMBRM-01M,07-Apr-2011,09:02:24,07-Apr-2011,17:02:24,2.4,2.5,-,NaN,CNBB 0.00 05-May,0,CND100002LJ1,2.4,2.5
AMBMBRM-01M,07-Apr-2011,09:02:24,07-Apr-2011,17:02:24,2.4,2.5,-,NaN,CNBB 0.00 05-May,0,CND100002LJ1,2.4,2.5
AMBMBRM-01M,07-Apr-2011,09:03:47,07-Apr-2011,17:03:47,2.4,2.45,-,NaN,CNBB 0.00 05-May,0,CND100002LJ1,2.4,2.45
AMBMBRM-01M,07-Apr-2011,09:03:51,07-Apr-2011,17:03:51,2.35,2.45,-,NaN,CNBB 0.00 05-May,0,CND100002LJ1,2.35,2.45
AMBMBRM-01M,07-Apr-2011,18:00:25,08-Apr-2011,02:00:25,2.35,2.45,-,NaN,CNBB 0.00 05-May,0,CND100002LJ1,2.35,2.45
AMBMBRM-01M,08-Apr-2011,09:07:21,08-Apr-2011,17:07:21,2.35,2.45,-,NaN,CNBB 0.00 05-May,0,CND100002LJ1,2.35,2.45
AMBMBRM-01M,08-Apr-2011,09:07:21,08-Apr-2011,17:07:21,2.35,2.45,-,NaN,CNBB 0.00 05-May,0,CND100002LJ1,2.35,2.45
AMBMBRM-01M,08-Apr-2011,09:07:22,08-Apr-2011,17:07:22,2.35,2.45,-,NaN,CNBB 0.00 05-May,0,CND100002LJ1,2.35,2.45
AMBMBRM-01M,08-Apr-2011,09:07:22,08-Apr-2011,17:07:22,2.35,2.45,-,NaN,CNBB 0.00 05-May,0,CND100002LJ1,2.35,2.45
AMBMBRM-01M,08-Apr-2011,09:08:18,08-Apr-2011,17:08:18,2.35,2.35,-,NaN,CNBB 0.00 05-May,0,CND100002LJ1,2.35,2.35
AMBMBRM-01M,08-Apr-2011,09:08:24,08-Apr-2011,17:08:24,2.25,2.35,-,NaN,CNBB 0.00 05-May,0,CND100002LJ1,2.25,2.35
AMBMBRM-01M,11-Apr-2011,00:30:51,11-Apr-2011,08:30:51,2.25,2.35,-,NaN,CNBB 0.00 05-May,0,CND100002LJ1,2.25,2.35
AMBMBRM-01M,11-Apr-2011,10:38:15,11-Apr-2011,18:38:15,2.25,2.35,-,NaN,CNBB 0.00 05-May,0,CND100002LJ1,2.25,2.35
AMBMBRM-01M,11-Apr-2011,10:38:15,11-Apr-2011,18:38:15,2.25,2.35,-,NaN,CNBB 0.00 05-May,0,CND100002NM1,2.25,2.35
AMBMBRM-01M,11-Apr-2011,10:38:16,11-Apr-2011,18:38:16,2.25,2.35,-,NaN,CNBB 0.00 26-May,0,CND100002NM1,2.25,2.35
AMBMBRM-01M,11-Apr-2011,10:38:16,11-Apr-2011,18:38:16,2.25,2.35,-,NaN,CNBB 0.00 26-May,0,CND100002NM1,2.25,2.35
AMBMBRM-01M,11-Apr-2011,10:38:21,11-Apr-2011,18:38:21,2.25,2.45,-,NaN,CNBB 0.00 26-May,0,CND100002NM1,2.25,2.45
AMBMBRM-01M,11-Apr-2011,10:38:23,11-Apr-2011,18:38:23,2.35,2.45,-,NaN,CNBB 0.00 26-May,0,CND100002NM1,2.35,2.45
AMBMBRM-01M,12-Apr-2011,02:17:58,12-Apr-2011,10:17:58,2.35,2.45,-,NaN,CNBB 0.00 26-May,0,CND100002NM1,2.35,2.45
AMBMBRM-01M,14-Apr-2011,08:40:00,14-Apr-2011,16:40:00,2.35,2.45,-,NaN,CNBB 0.00 26-May,0,CND100002NM1,2.35,2.45
AMBMBRM-01M,14-Apr-2011,09:33:39,14-Apr-2011,17:33:39,2.35,2.35,-,NaN,CNBB 0.00 26-May,0,CND100002NM1,2.35,2.35
AMBMBRM-01M,14-Apr-2011,09:33:41,14-Apr-2011,17:33:41,2.25,2.35,-,NaN,CNBB 0.00 26-May,0,CND100002NM1,2.25,2.35
AMBMBRM-01M,18-Apr-2011,10:40:35,18-Apr-2011,18:40:35,2.25,2.35,-,NaN,CNBB 0.00 26-May,0,CND100002NM1,2.25,2.35
AMBMBRM-01M,18-Apr-2011,10:40:35,18-Apr-2011,18:40:35,2.25,2.35,-,NaN,CNBB 0.00 26-May,0,CND100002NM1,2.25,2.35
AMBMBRM-01M,18-Apr-2011,10:40:35,18-Apr-2011,18:40:35,2.25,2.35,-,NaN,CNBB 0.00 26-May,0,CND100002NM1,2.25,2.35
AMBMBRM-01M,18-Apr-2011,10:40:35,18-Apr-2011,18:40:35,2.25,2.35,-,NaN,CNBB 0.00 26-May,0,CND100002NM1,2.25,2.35
AMBMBRM-01M,21-Apr-2011,06:25:17,21-Apr-2011,14:25:17,2.25,2.35,RMB,0.0,CNBB 0.00 26-May,0,CND100002NM1,2.25,2.35
AMBMBRM-01M,21-Apr-2011,10:01:54,21-Apr-2011,18:01:54,2.25,2.45,RMB,0.0,CNBB 0.00 26-May,0,CND100002NM1,2.25,2.45
AMBMBRM-01M,21-Apr-2011,10:01:56,21-Apr-2011,18:01:56,2.35,2.45,RMB,0.0,CNBB 0.00 26-May,0,CND100002NM1,2.35,2.45
AMBMBRM-01M,22-Apr-2011,08:55:18,22-Apr-2011,16:55:18,2.35,2.65,RMB,0.0,CNBB 0.00 26-May,0,CND100002NM1,2.35,2.65
AMBMBRM-01M,22-Apr-2011,08:55:22,22-Apr-2011,16:55:22,2.55,2.65,RMB,0.0,CNBB 0.00 26-May,0,CND100002NM1,2.55,2.65
AMBMBRM-01M,25-Apr-2011,06:33:36,25-Apr-2011,14:33:36,2.55,2.65,RMB,0.0,CNBB 0.00 26-May,0,CND100002NM1,2.55,2.65
AMBMBRM-01M,25-Apr-2011,09:16:17,25-Apr-2011,17:16:17,2.55,2.65,RMB,0.0,CNBB 0.00 26-May,0,CND100002NM1,2.55,2.65
AMBMBRM-01M,25-Apr-2011,09:16:17,25-Apr-2011,17:16:17,2.55,2.65,RMB,0.0,CNBB 0.00 26-May,0,CND100002NM1,2.55,2.65
AMBMBRM-01M,25-Apr-2011,09:16:18,25-Apr-2011,17:16:18,2.55,2.65,RMB,0.0,CNBB 0.00 26-May,0,CND100002NM1,2.55,2.65
AMBMBRM-01M,25-Apr-2011,09:16:18,25-Apr-2011,17:16:18,2.55,2.65,RMB,0.0,CNBB 0.00 26-May,0,CND100002NM1,2.55,2.65
AMBMBRM-01M,25-Apr-2011,09:16:24,25-Apr-2011,17:16:24,2.55,2.75,RMB,0.0,CNBB 0.00 26-May,0,CND100002NM1,2.55,2.75
AMBMBRM-01M,25-Apr-2011,09:16:25,25-Apr-2011,17:16:25,2.65,2.75,RMB,0.0,CNBB 0.00 26-May,0,CND100002NM1,2.65,2.75
AMBMBRM-01M,25-Apr-2011,09:55:48,25-Apr-2011,17:55:48,2.65,2.75,RMB,0.0,CNBB 0.00 26-May,0,CND100002NM1,2.65,2.75
AMBMBRM-01M,26-Apr-2011,08:55:59,26-Apr-2011,16:55:59,2.65,2.85,RMB,0.0,CNBB 0.00 26-May,0,CND100002NM1,2.65,2.85
AMBMBRM-01M,26-Apr-2011,08:56:03,26-Apr-2011,16:56:03,2.75,2.85,RMB,0.0,CNBB 0.00 26-May,0,CND100002NM1,2.75,2.85
AMBMBRM-01M,27-Apr-2011,10:22:21,27-Apr-2011,18:22:21,2.75,2.8,RMB,0.0,CNBB 0.00 26-May,0,CND100002NM1,2.75,2.8
AMBMBRM-01M,27-Apr-2011,10:22:24,27-Apr-2011,18:22:24,2.7,2.8,RMB,0.0,CNBB 0.00 26-May,0,CND100002NM1,2.7,2.8
AMBMBRM-01M,29-Apr-2011,02:05:01,29-Apr-2011,10:05:01,2.7,2.8,RMB,0.0,CNBB 0.00 26-May,0,CND100002NM1,2.7,2.8
AMBMBRM-01M,29-Apr-2011,02:05:17,29-Apr-2011,10:05:17,2.7,2.8,RMB,0.0,CNBB 0.00 26-May,0,CND100002NM1,2.7,2.8
AMBMBRM-01M,29-Apr-2011,09:16:18,29-Apr-2011,17:16:18,2.59,2.69,RMB,0.0,CNBB 0.00 26-May,0,CND100002NM1,2.59,2.69
AMBMBRM-01M,02-May-2011,06:56:51,02-May-2011,14:56:51,2.59,2.69,RMB,0.0,CNBB 0.00 26-May,0,CND100002NM1,2.59,2.69
AMBMBRM-01M,03-May-2011,01:42:01,03-May-2011,09:42:01,2.59,2.69,RMB,0.0,CNBB 0.00 26-May,0,CND100002NM1,2.59,2.69
AMBMBRM-01M,03-May-2011,10:19:30,03-May-2011,18:19:30,2.59,2.69,RMB,0.0,CNBB 0.00 26-May,0,CND100002NM1,2.59,2.69
AMBMBRM-01M,03-May-2011,10:19:30,03-May-2011,18:19:30,2.59,2.69,RMB,0.0,CNBB 0.00 26-May,0,CND100003Q90,2.59,2.69
AMBMBRM-01M,03-May-2011,10:19:31,03-May-2011,18:19:31,2.59,2.69,RMB,0.0,CNBB 0.00 26-May,0,CND100003Q90,2.59,2.69
AMBMBRM-01M,03-May-2011,10:19:31,03-May-2011,18:19:31,2.59,2.69,RMB,0.0,CNBB  ,0,CND100003Q90,2.59,2.69
AMBMBRM-01M,03-May-2011,10:19:32,03-May-2011,18:19:32,2.59,2.69,RMB,0.0,CNBB  ,0,CND100003Q90,2.59,2.69
AMBMBRM-01M,03-May-2011,10:19:33,03-May-2011,18:19:33,2.59,2.69,RMB,0.0,CNBB  ,0,CND100003Q90,2.59,2.69
AMBMBRM-01M,03-May-2011,10:19:33,03-May-2011,18:19:33,2.59,2.69,RMB,0.0,CNBB 0.00 10-Jun,0,CND100003Q90,2.59,2.69
AMBMBRM-01M,03-May-2011,10:19:38,03-May-2011,18:19:38,2.59,2.65,RMB,0.0,CNBB 0.00 10-Jun,0,CND100003Q90,2.59,2.65
AMBMBRM-01M,03-May-2011,10:19:41,03-May-2011,18:19:41,2.55,2.65,RMB,0.0,CNBB 0.00 10-Jun,0,CND100003Q90,2.55,2.65
AMBMBRM-01M,04-May-2011,08:44:51,04-May-2011,16:44:51,2.55,2.65,RMB,0.0,CNBB 0.00 10-Jun,0,CND100003Q90,2.55,2.65
AMBMBRM-01M,05-May-2011,04:50:27,05-May-2011,12:50:27,2.55,2.65,RMB,0.0,CNBB 0.00 10-Jun,0,CND100003Q90,2.55,2.65
AMBMBRM-01M,05-May-2011,07:39:16,05-May-2011,15:39:16,2.55,2.65,RMB,0.0,CNBB 0.00 10-Jun,0,CND100003Q90,2.55,2.65
AMBMBRM-01M,05-May-2011,09:20:17,05-May-2011,17:20:17,2.55,2.65,RMB,0.0,CNBB 0.00 10-Jun,0,CND100003Q90,2.55,2.65
AMBMBRM-01M,05-May-2011,09:20:30,05-May-2011,17:20:30,2.55,2.73,RMB,0.0,CNBB 0.00 10-Jun,0,CND100003Q90,2.55,2.73
AMBMBRM-01M,05-May-2011,09:20:35,05-May-2011,17:20:35,2.63,2.73,RMB,0.0,CNBB 0.00 10-Jun,0,CND100003Q90,2.63,2.73
AMBMBRM-01M,06-May-2011,09:20:46,06-May-2011,17:20:46,2.63,2.73,RMB,0.0,CNBB 0.00 10-Jun,0,CND100003Q90,2.63,2.73
AMBMBRM-01M,06-May-2011,09:23:46,06-May-2011,17:23:46,2.63,2.65,RMB,0.0,CNBB 0.00 10-Jun,0,CND100003Q90,2.63,2.65
AMBMBRM-01M,06-May-2011,09:23:48,06-May-2011,17:23:48,2.55,2.65,RMB,0.0,CNBB 0.00 10-Jun,0,CND100003Q90,2.55,2.65
AMBMBRM-01M,09-May-2011,11:01:57,09-May-2011,19:01:57,2.55,2.65,RMB,0.0,CNBB 0.00 17-Jun,0,CND100003RL2,2.55,2.65
AMBMBRM-01M,09-May-2011,11:02:22,09-May-2011,19:02:22,2.55,2.7,RMB,0.0,CNBB 0.00 17-Jun,0,CND100003RL2,2.55,2.7
AMBMBRM-01M,09-May-2011,11:02:24,09-May-2011,19:02:24,2.6,2.7,RMB,0.0,CNBB 0.00 17-Jun,0,CND100003RL2,2.6,2.7
AMBMBRM-01M,10-May-2011,09:51:23,10-May-2011,17:51:23,2.6,2.65,RMB,0.0,CNBB 0.00 17-Jun,0,CND100003RL2,2.6,2.65
AMBMBRM-01M,10-May-2011,09:51:25,10-May-2011,17:51:25,2.55,2.65,RMB,0.0,CNBB 0.00 17-Jun,0,CND100003RL2,2.55,2.65
AMBMBRM-01M,12-May-2011,18:00:42,13-May-2011,02:00:42,2.55,2.65,RMB,0.0,CNBB 0.00 17-Jun,0,CND100003RL2,2.55,2.65
AMBMBRM-01M,13-May-2011,10:44:30,13-May-2011,18:44:30,2.55,2.75,RMB,0.0,CNBB 0.00 17-Jun,0,CND100003RL2,2.55,2.75
AMBMBRM-01M,13-May-2011,10:44:33,13-May-2011,18:44:33,2.65,2.75,RMB,0.0,CNBB 0.00 17-Jun,0,CND100003RL2,2.65,2.75
AMBMBRM-01M,16-May-2011,09:55:36,16-May-2011,17:55:36,2.65,2.75,RMB,0.0,CNBB 0.00 24-Jun,0,CND100003SY3,2.65,2.75
AMBMBRM-01M,17-May-2011,10:15:08,17-May-2011,18:15:08,2.65,2.95,RMB,0.0,CNBB 0.00 24-Jun,0,CND100003SY3,2.65,2.95
AMBMBRM-01M,17-May-2011,10:15:11,17-May-2011,18:15:11,2.85,2.95,RMB,0.0,CNBB 0.00 24-Jun,0,CND100003SY3,2.85,2.95
AMBMBRM-01M,18-May-2011,02:04:04,18-May-2011,10:04:04,2.85,2.95,RMB,0.0,CNBB 0.00 24-Jun,0,CND100003SY3,2.85,2.95
AMBMBRM-01M,18-May-2011,06:35:20,18-May-2011,14:35:20,2.85,2.95,RMB,0.0,CNBB 0.00 24-Jun,0,CND100003SY3,2.85,2.95
AMBMBRM-01M,19-May-2011,05:51:00,19-May-2011,13:51:00,2.85,2.95,RMB,0.0,CNBB 0.00 24-Jun,0,CND100003SY3,2.85,2.95
AMBMBRM-01M,20-May-2011,02:41:53,20-May-2011,10:41:53,2.85,2.95,RMB,0.0,CNBB 0.00 24-Jun,0,CND100003SY3,2.85,2.95
AMBMBRM-01M,20-May-2011,03:06:20,20-May-2011,11:06:20,2.85,2.95,RMB,0.0,CNBB 0.00 24-Jun,0,CND100003SY3,2.85,2.95
AMBMBRM-01M,20-May-2011,03:13:18,20-May-2011,11:13:18,2.85,2.95,RMB,0.0,CNBB 0.00 24-Jun,0,CND100003SY3,2.85,2.95
AMBMBRM-01M,23-May-2011,09:31:58,23-May-2011,17:31:58,2.85,2.95,RMB,0.0,CNBB 0.00 24-Jun,0,CND100003SY3,2.85,2.95
AMBMBRM-01M,23-May-2011,09:32:03,23-May-2011,17:32:03,2.85,3.25,RMB,0.0,CNBB 0.00 24-Jun,0,CND100003SY3,2.85,3.25
AMBMBRM-01M,23-May-2011,09:32:06,23-May-2011,17:32:06,3.15,3.25,RMB,0.0,CNBB 0.00 24-Jun,0,CND100003SY3,3.15,3.25
AMBMBRM-01M,24-May-2011,08:52:25,24-May-2011,16:52:25,3.15,3.38,RMB,0.0,CNBB 0.00 24-Jun,0,CND100003SY3,3.15,3.38
AMBMBRM-01M,24-May-2011,08:52:29,24-May-2011,16:52:29,3.28,3.38,RMB,0.0,CNBB 0.00 24-Jun,0,CND100003SY3,3.28,3.38
AMBMBRM-01M,25-May-2011,09:53:30,25-May-2011,17:53:30,3.25,3.5,RMB,0.0,CNBB 0.00 24-Jun,0,CND100003SY3,3.25,3.5
AMBMBRM-01M,26-May-2011,06:00:47,26-May-2011,14:00:47,3.25,3.5,RMB,0.0,CNBB 0.00 24-Jun,0,CND100003SY3,3.25,3.5
AMBMBRM-01M,26-May-2011,08:23:42,26-May-2011,16:23:42,3.25,3.5,RMB,0.0,CNBB 0.00 24-Jun,0,CND100003SY3,3.25,3.5
AMBMBRM-01M,26-May-2011,09:21:01,26-May-2011,17:21:01,3.25,3.52,RMB,0.0,CNBB 0.00 24-Jun,0,CND100003SY3,3.25,3.52
AMBMBRM-01M,26-May-2011,09:21:04,26-May-2011,17:21:04,3.42,3.52,RMB,0.0,CNBB 0.00 24-Jun,0,CND100003SY3,3.42,3.52
AMBMBRM-01M,26-May-2011,09:21:05,26-May-2011,17:21:05,3.42,3.52,RMB,0.0,CNBB 0.00 24-Jun,0,CND100003SY3,3.42,3.52
AMBMBRM-01M,26-May-2011,18:01:06,27-May-2011,02:01:06,3.42,3.52,RMB,0.0,CNBB 0.00 24-Jun,0,CND100003SY3,3.42,3.52
AMBMBRM-01M,27-May-2011,09:00:03,27-May-2011,17:00:03,3.05,3.15,RMB,0.0,CNBB 0.00 24-Jun,0,CND100003SY3,3.05,3.15
AMBMBRM-01M,30-May-2011,02:18:42,30-May-2011,10:18:42,3.05,3.15,RMB,0.0,CNBB 0.00 24-Jun,0,CND100003SY3,3.05,3.15
AMBMBRM-01M,31-May-2011,08:42:51,31-May-2011,16:42:51,3.05,3.15,RMB,0.0,CNBB 0.00 01-Jul,0,CND100003W92,3.05,3.15
AMBMBRM-01M,31-May-2011,08:42:56,31-May-2011,16:42:56,3.05,3.25,RMB,0.0,CNBB 0.00 01-Jul,0,CND100003W92,3.05,3.25
AMBMBRM-01M,31-May-2011,08:43:00,31-May-2011,16:43:00,3.15,3.25,RMB,0.0,CNBB 0.00 01-Jul,0,CND100003W92,3.15,3.25
AMBMBRM-01M,01-Jun-2011,08:33:09,01-Jun-2011,16:33:09,3.15,3.35,RMB,0.0,CNBB 0.00 01-Jul,0,CND100003W92,3.15,3.35
AMBMBRM-01M,01-Jun-2011,08:33:11,01-Jun-2011,16:33:11,3.25,3.35,RMB,0.0,CNBB 0.00 01-Jul,0,CND100003W92,3.25,3.35
AMBMBRM-01M,01-Jun-2011,13:13:21,01-Jun-2011,21:13:21,3.25,3.35,RMB,0.0,CNBB 0.00 01-Jul,0,CND100003W92,3.25,3.35
AMBMBRM-01M,02-Jun-2011,06:36:36,02-Jun-2011,14:36:36,3.25,3.35,RMB,0.0,CNBB 0.00 01-Jul,0,CND100003W92,3.25,3.35
AMBMBRM-01M,02-Jun-2011,06:36:54,02-Jun-2011,14:36:54,3.25,3.35,RMB,0.0,CNBB 0.00 01-Jul,0,CND100003W92,3.25,3.35
AMBMBRM-01M,02-Jun-2011,11:03:56,02-Jun-2011,19:03:56,3.25,3.3,RMB,0.0,CNBB 0.00 01-Jul,0,CND100003W92,3.25,3.3
AMBMBRM-01M,02-Jun-2011,11:03:59,02-Jun-2011,19:03:59,3.2,3.3,RMB,0.0,CNBB 0.00 01-Jul,0,CND100003W92,3.2,3.3
AMBMBRM-01M,03-Jun-2011,06:48:17,03-Jun-2011,14:48:17,3.2,3.3,RMB,0.0,CNBB 0.00 01-Jul,0,CND100003W92,3.2,3.3
AMBMBRM-01M,03-Jun-2011,06:48:36,03-Jun-2011,14:48:36,3.2,3.3,RMB,0.0,CNBB 0.00 01-Jul,0,CND100003W92,3.2,3.3
AMBMBRM-01M,03-Jun-2011,09:18:26,03-Jun-2011,17:18:26,3.2,3.25,RMB,0.0,CNBB 0.00 01-Jul,0,CND100003W92,3.2,3.25
AMBMBRM-01M,03-Jun-2011,09:18:29,03-Jun-2011,17:18:29,3.15,3.25,RMB,0.0,CNBB 0.00 01-Jul,0,CND100003W92,3.15,3.25
AMBMBRM-01M,06-Jun-2011,02:50:51,06-Jun-2011,10:50:51,3.15,3.25,RMB,0.0,CNBB 0.00 01-Jul,0,CND100003W92,3.15,3.25
AMBMBRM-01M,07-Jun-2011,09:05:07,07-Jun-2011,17:05:07,3.15,3.25,RMB,0.0,CNBB 0.00 01-Jul,0,CND100003W92,3.15,3.25
AMBMBRM-01M,07-Jun-2011,09:05:16,07-Jun-2011,17:05:16,3.15,3.21,RMB,0.0,CNBB 0.00 01-Jul,0,CND100003W92,3.15,3.21
AMBMBRM-01M,07-Jun-2011,09:05:22,07-Jun-2011,17:05:22,3.11,3.21,RMB,0.0,CNBB 0.00 01-Jul,0,CND100003W92,3.11,3.21
AMBMBRM-01M,07-Jun-2011,17:04:43,08-Jun-2011,01:04:43,3.11,3.21,RMB,0.0,CNBB 0.00 01-Jul,0,CND100003W92,3.11,3.21
AMBMBRM-01M,08-Jun-2011,04:42:17,08-Jun-2011,12:42:17,3.11,3.21,RMB,0.0,CNBB 0.00 01-Jul,0,CND100003W92,3.11,3.21
AMBMBRM-01M,08-Jun-2011,04:42:46,08-Jun-2011,12:42:46,3.11,3.21,RMB,0.0,CNBB 0.00 01-Jul,0,CND100003W92,3.11,3.21
AMBMBRM-01M,08-Jun-2011,08:23:45,08-Jun-2011,16:23:45,3.11,3.21,RMB,0.0,CNBB 0.00 01-Jul,0,CND100003W92,3.11,3.21
AMBMBRM-01M,08-Jun-2011,08:37:35,08-Jun-2011,16:37:35,3.11,3.23,RMB,0.0,CNBB 0.00 01-Jul,0,CND100003W92,3.11,3.23
AMBMBRM-01M,08-Jun-2011,08:37:38,08-Jun-2011,16:37:38,3.13,3.23,RMB,0.0,CNBB 0.00 01-Jul,0,CND100003W92,3.13,3.23
AMBMBRM-01M,09-Jun-2011,01:49:19,09-Jun-2011,09:49:19,3.13,3.23,RMB,0.0,CNBB 0.00 01-Jul,0,CND100003W92,3.13,3.23
AMBMBRM-01M,09-Jun-2011,03:23:51,09-Jun-2011,11:23:51,3.13,3.23,RMB,0.0,CNBB 0.00 01-Jul,0,CND100003W92,3.13,3.23
AMBMBRM-01M,09-Jun-2011,09:39:40,09-Jun-2011,17:39:40,3.13,3.3,RMB,0.0,CNBB 0.00 01-Jul,0,CND100003W92,3.13,3.3
AMBMBRM-01M,09-Jun-2011,09:39:46,09-Jun-2011,17:39:46,3.2,3.3,RMB,0.0,CNBB 0.00 01-Jul,0,CND100003W92,3.2,3.3
AMBMBRM-01M,10-Jun-2011,09:43:43,10-Jun-2011,17:43:43,3.2,3.35,RMB,0.0,CNBB 0.00 01-Jul,0,CND100003W92,3.2,3.35
AMBMBRM-01M,10-Jun-2011,09:43:45,10-Jun-2011,17:43:45,3.25,3.35,RMB,0.0,CNBB 0.00 01-Jul,0,CND100003W92,3.25,3.35
AMBMBRM-01M,13-Jun-2011,08:44:48,13-Jun-2011,16:44:48,3.25,3.35,RMB,0.0,CNBB 0.00 21-Jul,0,CND100002TL0,3.25,3.35
AMBMBRM-01M,14-Jun-2011,09:00:29,14-Jun-2011,17:00:29,3.25,3.35,RMB,0.0,CNBB 0.00 21-Jul,0,CND100002TL0,3.25,3.35
AMBMBRM-01M,14-Jun-2011,09:17:53,14-Jun-2011,17:17:53,3.25,3.85,RMB,0.0,CNBB 0.00 21-Jul,0,CND100002TL0,3.25,3.85
AMBMBRM-01M,14-Jun-2011,09:17:55,14-Jun-2011,17:17:55,3.75,3.85,RMB,0.0,CNBB 0.00 21-Jul,0,CND100002TL0,3.75,3.85
AMBMBRM-01M,16-Jun-2011,09:33:36,16-Jun-2011,17:33:36,3.95,4.05,RMB,0.0,CNBB 0.00 21-Jul,0,CND100002TL0,3.95,4.05
AMBMBRM-01M,17-Jun-2011,08:34:36,17-Jun-2011,16:34:36,3.95,3.95,RMB,0.0,CNBB 0.00 21-Jul,0,CND100002TL0,3.95,3.95
AMBMBRM-01M,17-Jun-2011,08:34:39,17-Jun-2011,16:34:39,3.85,3.95,RMB,0.0,CNBB 0.00 21-Jul,0,CND100002TL0,3.85,3.95
AMBMBRM-01M,20-Jun-2011,02:45:13,20-Jun-2011,10:45:13,3.85,3.95,RMB,0.0,CNBB 0.00 21-Jul,0,CND100002TL0,3.85,3.95
AMBMBRM-01M,20-Jun-2011,02:50:41,20-Jun-2011,10:50:41,3.85,3.95,RMB,0.0,CNBB 0.00 21-Jul,0,CND100002TL0,3.85,3.95
AMBMBRM-01M,20-Jun-2011,02:50:54,20-Jun-2011,10:50:54,3.85,3.9,RMB,0.0,CNBB 0.00 21-Jul,0,CND100002TL0,3.85,3.9
AMBMBRM-01M,20-Jun-2011,02:50:57,20-Jun-2011,10:50:57,3.85,3.95,RMB,0.0,CNBB 0.00 21-Jul,0,CND100002TL0,3.85,3.95
AMBMBRM-01M,20-Jun-2011,09:09:34,20-Jun-2011,17:09:34,3.85,3.95,RMB,0.0,CNBB 0.00 21-Jul,0,CND100002TL0,3.85,3.95
AMBMBRM-01M,20-Jun-2011,09:09:44,20-Jun-2011,17:09:44,3.65,3.75,RMB,0.0,CNBB 0.00 21-Jul,0,CND100002TL0,3.65,3.75
AMBMBRM-01M,23-Jun-2011,09:27:59,23-Jun-2011,17:27:59,3.65,3.95,RMB,0.0,CNBB 0.00 21-Jul,0,CND100002TL0,3.65,3.95
AMBMBRM-01M,23-Jun-2011,09:29:03,23-Jun-2011,17:29:03,4.05,4.05,RMB,0.0,CNBB 0.00 21-Jul,0,CND100002TL0,4.05,4.05
AMBMBRM-01M,23-Jun-2011,09:29:07,23-Jun-2011,17:29:07,3.95,4.05,RMB,0.0,CNBB 0.00 21-Jul,0,CND100002TL0,3.95,4.05
AMBMBRM-01M,24-Jun-2011,09:38:20,24-Jun-2011,17:38:20,3.75,3.85,RMB,0.0,CNBB 0.00 21-Jul,0,CND100002TL0,3.75,3.85
AMBMBRM-01M,27-Jun-2011,03:22:36,27-Jun-2011,11:22:36,3.75,3.85,RMB,0.0,CNBB 0.00 21-Jul,0,CND100002TL0,3.75,3.85
AMBMBRM-01M,27-Jun-2011,06:06:42,27-Jun-2011,14:06:42,3.75,3.85,RMB,0.0,CNBB 0.00 21-Jul,0,CND100002TL0,3.75,3.85
AMBMBRM-01M,27-Jun-2011,08:59:10,27-Jun-2011,16:59:10,3.75,3.85,RMB,0.0,CNBB 0.00 12-Aug,0,CND1000042K2,3.75,3.85
AMBMBRM-01M,27-Jun-2011,08:59:15,27-Jun-2011,16:59:15,3.55,3.65,RMB,0.0,CNBB 0.00 12-Aug,0,CND1000042K2,3.55,3.65
AMBMBRM-01M,28-Jun-2011,09:14:30,28-Jun-2011,17:14:30,3.55,3.65,RMB,0.0,CNBB 0.00 12-Aug,0,CND1000042K2,3.55,3.65
AMBMBRM-01M,28-Jun-2011,09:14:40,28-Jun-2011,17:14:40,3.55,3.75,RMB,0.0,CNBB 0.00 12-Aug,0,CND1000042K2,3.55,3.75
AMBMBRM-01M,28-Jun-2011,09:14:43,28-Jun-2011,17:14:43,3.65,3.75,RMB,0.0,CNBB 0.00 12-Aug,0,CND1000042K2,3.65,3.75
AMBMBRM-01M,29-Jun-2011,09:16:54,29-Jun-2011,17:16:54,3.65,3.75,RMB,0.0,CNBB 0.00 12-Aug,0,CND1000042K2,3.65,3.75
AMBMBRM-01M,29-Jun-2011,09:17:05,29-Jun-2011,17:17:05,3.65,3.85,RMB,0.0,CNBB 0.00 12-Aug,0,CND1000042K2,3.65,3.85
AMBMBRM-01M,29-Jun-2011,09:17:07,29-Jun-2011,17:17:07,3.75,3.85,RMB,0.0,CNBB 0.00 12-Aug,0,CND1000042K2,3.75,3.85
AMBMBRM-01M,30-Jun-2011,02:52:07,30-Jun-2011,10:52:07,3.75,3.85,RMB,0.0,CNBB 0.00 12-Aug,0,CND1000042K2,3.75,3.85
AMBMBRM-01M,01-Jul-2011,09:11:40,01-Jul-2011,17:11:40,3.55,3.65,RMB,0.0,CNBB 0.00 12-Aug,0,CND1000042K2,3.55,3.65
AMBMBRM-01M,01-Jul-2011,09:12:23,01-Jul-2011,17:12:23,3.55,3.55,RMB,0.0,CNBB 0.00 12-Aug,0,CND1000042K2,3.55,3.55
AMBMBRM-01M,01-Jul-2011,09:12:27,01-Jul-2011,17:12:27,3.45,3.55,RMB,0.0,CNBB 0.00 12-Aug,0,CND1000042K2,3.45,3.55
AMBMBRM-01M,04-Jul-2011,06:03:41,04-Jul-2011,14:03:41,3.45,3.55,RMB,0.0,CNBB 0.00 12-Aug,0,CND1000042K2,3.45,3.55
AMBMBRM-01M,04-Jul-2011,09:28:29,04-Jul-2011,17:28:29,3.45,3.55,RMB,0.0,CNBB 0.00 12-Aug,0,CND1000042K2,3.45,3.55
AMBMBRM-01M,04-Jul-2011,09:28:31,04-Jul-2011,17:28:31,3.45,3.45,RMB,0.0,CNBB 0.00 12-Aug,0,CND1000042K2,3.45,3.45
AMBMBRM-01M,04-Jul-2011,09:28:32,04-Jul-2011,17:28:32,3.45,3.45,RMB,0.0,CNBB 0.00 12-Aug,0,CND1000042K2,3.45,3.45
AMBMBRM-01M,04-Jul-2011,09:28:33,04-Jul-2011,17:28:33,3.35,3.45,RMB,0.0,CNBB 0.00 12-Aug,0,CND1000042K2,3.35,3.45
AMBMBRM-01M,04-Jul-2011,09:28:34,04-Jul-2011,17:28:34,3.35,3.45,RMB,0.0,CNBB 0.00 12-Aug,0,CND1000042K2,3.35,3.45
AMBMBRM-01M,05-Jul-2011,02:05:54,05-Jul-2011,10:05:54,3.35,3.45,RMB,0.0,CNBB 0.00 12-Aug,0,CND1000042K2,3.35,3.45
AMBMBRM-01M,06-Jul-2011,00:26:44,06-Jul-2011,08:26:44,3.35,3.35,RMB,0.0,CNBB 0.00 12-Aug,0,CND1000042K2,3.35,3.35
AMBMBRM-01M,06-Jul-2011,00:26:45,06-Jul-2011,08:26:45,3.35,3.35,RMB,0.0,CNBB 0.00 12-Aug,0,CND1000042K2,3.35,3.35
AMBMBRM-01M,06-Jul-2011,00:26:46,06-Jul-2011,08:26:46,3.25,3.35,RMB,0.0,CNBB 0.00 12-Aug,0,CND1000042K2,3.25,3.35
AMBMBRM-01M,06-Jul-2011,00:26:47,06-Jul-2011,08:26:47,3.25,3.35,RMB,0.0,CNBB 0.00 12-Aug,0,CND1000042K2,3.25,3.35
AMBMBRM-01M,07-Jul-2011,06:19:55,07-Jul-2011,14:19:55,3.25,3.35,RMB,0.0,CNBB 0.00 12-Aug,0,CND1000042K2,3.25,3.35
AMBMBRM-01M,07-Jul-2011,09:21:34,07-Jul-2011,17:21:34,3.25,3.25,RMB,0.0,CNBB 0.00 12-Aug,0,CND1000042K2,3.25,3.25
AMBMBRM-01M,07-Jul-2011,09:21:35,07-Jul-2011,17:21:35,3.25,3.25,RMB,0.0,CNBB 0.00 12-Aug,0,CND1000042K2,3.25,3.25
AMBMBRM-01M,07-Jul-2011,09:21:37,07-Jul-2011,17:21:37,3.15,3.25,RMB,0.0,CNBB 0.00 12-Aug,0,CND1000042K2,3.15,3.25
AMBMBRM-01M,07-Jul-2011,09:21:38,07-Jul-2011,17:21:38,3.15,3.25,RMB,0.0,CNBB 0.00 12-Aug,0,CND1000042K2,3.15,3.25
AMBMBRM-01M,08-Jul-2011,08:45:21,08-Jul-2011,16:45:21,3.15,3.15,RMB,0.0,CNBB 0.00 12-Aug,0,CND1000042K2,3.15,3.15
AMBMBRM-01M,08-Jul-2011,08:45:26,08-Jul-2011,16:45:26,3.05,3.15,RMB,0.0,CNBB 0.00 12-Aug,0,CND1000042K2,3.05,3.15
AMBMBRM-01M,08-Jul-2011,08:45:27,08-Jul-2011,16:45:27,3.05,3.15,RMB,0.0,CNBB 0.00 12-Aug,0,CND1000042K2,3.05,3.15
AMBMBRM-01M,11-Jul-2011,09:00:36,11-Jul-2011,17:00:36,3.05,3.15,RMB,0.0,CNBB 0.00 19-Aug,0,CND1000043Z8,3.05,3.15
AMBMBRM-01M,11-Jul-2011,09:00:37,11-Jul-2011,17:00:37,3.05,3.15,RMB,0.0,CNBB 0.00 19-Aug,0,CND1000043Z8,3.05,3.15
AMBMBRM-01M,12-Jul-2011,18:09:32,13-Jul-2011,02:09:32,3.05,3.15,RMB,0.0,CNBB 0.00 19-Aug,0,CND1000043Z8,3.05,3.15
AMBMBRM-01M,13-Jul-2011,00:09:59,13-Jul-2011,08:09:59,3.05,3.15,RMB,0.0,CNBB 0.00 19-Aug,0,CND1000043Z8,3.05,3.15
AMBMBRM-01M,13-Jul-2011,09:12:09,13-Jul-2011,17:12:09,3.05,3.2,RMB,0.0,CNBB 0.00 19-Aug,0,CND1000043Z8,3.05,3.2
AMBMBRM-01M,13-Jul-2011,09:12:10,13-Jul-2011,17:12:10,3.05,3.2,RMB,0.0,CNBB 0.00 19-Aug,0,CND1000043Z8,3.05,3.2
AMBMBRM-01M,13-Jul-2011,09:12:11,13-Jul-2011,17:12:11,3.1,3.2,RMB,0.0,CNBB 0.00 19-Aug,0,CND1000043Z8,3.1,3.2
AMBMBRM-01M,13-Jul-2011,09:12:13,13-Jul-2011,17:12:13,3.1,3.2,RMB,0.0,CNBB 0.00 19-Aug,0,CND1000043Z8,3.1,3.2
AMBMBRM-01M,14-Jul-2011,08:50:47,14-Jul-2011,16:50:47,3.1,3.15,RMB,0.0,CNBB 0.00 19-Aug,0,CND1000043Z8,3.1,3.15
AMBMBRM-01M,14-Jul-2011,08:50:48,14-Jul-2011,16:50:48,3.1,3.15,RMB,0.0,CNBB 0.00 19-Aug,0,CND1000043Z8,3.1,3.15
AMBMBRM-01M,14-Jul-2011,08:50:52,14-Jul-2011,16:50:52,3.05,3.15,RMB,0.0,CNBB 0.00 19-Aug,0,CND1000043Z8,3.05,3.15
AMBMBRM-01M,14-Jul-2011,08:50:53,14-Jul-2011,16:50:53,3.05,3.15,RMB,0.0,CNBB 0.00 19-Aug,0,CND1000043Z8,3.05,3.15
AMBMBRM-01M,15-Jul-2011,08:39:19,15-Jul-2011,16:39:19,3.05,3.15,RMB,0.0,CNBB 0.00 19-Aug,0,CND1000043Z8,3.05,3.15
AMBMBRM-01M,15-Jul-2011,08:48:30,15-Jul-2011,16:48:30,3.05,3.1,RMB,0.0,CNBB 0.00 19-Aug,0,CND1000043Z8,3.05,3.1
AMBMBRM-01M,15-Jul-2011,08:48:31,15-Jul-2011,16:48:31,3.05,3.1,RMB,0.0,CNBB 0.00 19-Aug,0,CND1000043Z8,3.05,3.1
AMBMBRM-01M,15-Jul-2011,08:48:33,15-Jul-2011,16:48:33,3.0,3.1,RMB,0.0,CNBB 0.00 19-Aug,0,CND1000043Z8,3.0,3.1
AMBMBRM-01M,15-Jul-2011,08:48:34,15-Jul-2011,16:48:34,3.0,3.1,RMB,0.0,CNBB 0.00 19-Aug,0,CND1000043Z8,3.0,3.1
AMBMBRM-01M,15-Jul-2011,09:02:08,15-Jul-2011,17:02:08,3.0,3.1,RMB,0.0,CNBB 0.00 19-Aug,0,CND1000043Z8,3.0,3.1
AMBMBRM-01M,18-Jul-2011,09:06:23,18-Jul-2011,17:06:23,3.0,3.1,RMB,0.0,CNBB 0.00 19-Aug,0,CND1000043Z8,3.0,3.1
AMBMBRM-01M,18-Jul-2011,09:06:24,18-Jul-2011,17:06:24,3.0,3.1,RMB,0.0,CNBB 0.00 19-Aug,0,CND1000043Z8,3.0,3.1
AMBMBRM-01M,18-Jul-2011,09:06:25,18-Jul-2011,17:06:25,3.0,3.05,RMB,0.0,CNBB 0.00 19-Aug,0,CND1000043Z8,3.0,3.05
AMBMBRM-01M,18-Jul-2011,09:06:25,18-Jul-2011,17:06:25,3.0,3.05,RMB,0.0,CNBB 0.00 19-Aug,0,CND1000043Z8,3.0,3.05
AMBMBRM-01M,18-Jul-2011,09:06:30,18-Jul-2011,17:06:30,2.95,3.05,RMB,0.0,CNBB 0.00 19-Aug,0,CND1000043Z8,2.95,3.05
AMBMBRM-01M,18-Jul-2011,09:06:31,18-Jul-2011,17:06:31,2.95,3.05,RMB,0.0,CNBB 0.00 19-Aug,0,CND1000043Z8,2.95,3.05
AMBMBRM-01M,20-Jul-2011,09:26:19,20-Jul-2011,17:26:19,2.95,3.6,RMB,0.0,CNBB 0.00 19-Aug,0,CND1000043Z8,2.95,3.6
AMBMBRM-01M,20-Jul-2011,09:26:20,20-Jul-2011,17:26:20,2.95,3.6,RMB,0.0,CNBB 0.00 19-Aug,0,CND1000043Z8,2.95,3.6
AMBMBRM-01M,20-Jul-2011,09:26:21,20-Jul-2011,17:26:21,3.5,3.6,RMB,0.0,CNBB 0.00 19-Aug,0,CND1000043Z8,3.5,3.6
AMBMBRM-01M,20-Jul-2011,09:26:22,20-Jul-2011,17:26:22,3.5,3.6,RMB,0.0,CNBB 0.00 19-Aug,0,CND1000043Z8,3.5,3.6
AMBMBRM-01M,21-Jul-2011,06:11:05,21-Jul-2011,14:11:05,3.5,3.6,RMB,0.0,CNBB 0.00 19-Aug,0,CND1000043Z8,3.5,3.6
AMBMBRM-01M,21-Jul-2011,06:27:13,21-Jul-2011,14:27:13,3.5,3.6,RMB,0.0,CNBB 0.00 19-Aug,0,CND1000043Z8,3.5,3.6
AMBMBRM-01M,21-Jul-2011,06:33:06,21-Jul-2011,14:33:06,3.5,3.6,RMB,0.0,CNBB 0.00 19-Aug,0,CND1000043Z8,3.5,3.6
AMBMBRM-01M,21-Jul-2011,06:37:45,21-Jul-2011,14:37:45,3.5,3.6,RMB,0.0,CNBB 0.00 19-Aug,0,CND1000043Z8,3.5,3.6
AMBMBRM-01M,21-Jul-2011,07:22:07,21-Jul-2011,15:22:07,3.5,3.6,RMB,0.0,CNBB 0.00 19-Aug,0,CND1000043Z8,3.5,3.6
AMBMBRM-01M,22-Jul-2011,00:25:56,22-Jul-2011,08:25:56,3.5,3.6,RMB,0.0,CNBB 0.00 19-Aug,0,CND1000043Z8,3.5,3.6
AMBMBRM-01M,22-Jul-2011,00:32:21,22-Jul-2011,08:32:21,3.5,3.6,RMB,0.0,CNBB 0.00 19-Aug,0,CND1000043Z8,3.5,3.6
AMBMBRM-01M,27-Jul-2011,04:47:19,27-Jul-2011,12:47:19,3.45,3.55,RMB,0.0,CNBB 0.00 09-Sep,0,CND1000045J7,3.45,3.55
AMBMBRM-01M,27-Jul-2011,08:49:03,27-Jul-2011,16:49:03,3.45,3.55,RMB,0.0,CNBB 0.00 09-Sep,0,CND1000045J7,3.45,3.55
AMBMBRM-01M,28-Jul-2011,09:09:21,28-Jul-2011,17:09:21,3.45,3.45,RMB,0.0,CNBB 0.00 09-Sep,0,CND1000045J7,3.45,3.45
AMBMBRM-01M,28-Jul-2011,09:09:22,28-Jul-2011,17:09:22,3.45,3.45,RMB,0.0,CNBB 0.00 09-Sep,0,CND1000045J7,3.45,3.45
AMBMBRM-01M,28-Jul-2011,09:09:25,28-Jul-2011,17:09:25,3.35,3.45,RMB,0.0,CNBB 0.00 09-Sep,0,CND1000045J7,3.35,3.45
AMBMBRM-01M,28-Jul-2011,09:09:26,28-Jul-2011,17:09:26,3.35,3.45,RMB,0.0,CNBB 0.00 09-Sep,0,CND1000045J7,3.35,3.45
AMBMBRM-01M,29-Jul-2011,02:03:17,29-Jul-2011,10:03:17,3.35,3.45,RMB,0.0,CNBB 0.00 09-Sep,0,CND1000045J7,3.35,3.45
AMBMBRM-01M,29-Jul-2011,09:09:57,29-Jul-2011,17:09:57,3.35,3.35,RMB,0.0,CNBB 0.00 09-Sep,0,CND1000045J7,3.35,3.35
AMBMBRM-01M,29-Jul-2011,09:09:58,29-Jul-2011,17:09:58,3.35,3.35,RMB,0.0,CNBB 0.00 09-Sep,0,CND1000045J7,3.35,3.35
AMBMBRM-01M,29-Jul-2011,09:10:00,29-Jul-2011,17:10:00,3.25,3.35,RMB,0.0,CNBB 0.00 09-Sep,0,CND1000045J7,3.25,3.35
AMBMBRM-01M,29-Jul-2011,09:10:01,29-Jul-2011,17:10:01,3.25,3.35,RMB,0.0,CNBB 0.00 09-Sep,0,CND1000045J7,3.25,3.35
AMBMBRM-01M,29-Jul-2011,21:46:41,30-Jul-2011,05:46:41,3.25,3.35,RMB,0.0,CNBB 0.00 09-Sep,0,CND1000045J7,3.25,3.35
AMBMBRM-01M,01-Aug-2011,06:31:31,01-Aug-2011,14:31:31,3.25,3.35,RMB,0.0,CNBB 0.00 09-Sep,0,CND1000045J7,3.25,3.35
AMBMBRM-01M,01-Aug-2011,09:13:08,01-Aug-2011,17:13:08,3.25,3.35,RMB,0.0,CNBB 0.00 09-Sep,0,CND1000045J7,3.25,3.35
AMBMBRM-01M,01-Aug-2011,09:13:16,01-Aug-2011,17:13:16,3.25,3.25,RMB,0.0,CNBB 0.00 09-Sep,0,CND1000045J7,3.25,3.25
AMBMBRM-01M,01-Aug-2011,09:13:17,01-Aug-2011,17:13:17,3.25,3.25,RMB,0.0,CNBB 0.00 09-Sep,0,CND1000045J7,3.25,3.25
AMBMBRM-01M,01-Aug-2011,09:13:18,01-Aug-2011,17:13:18,3.15,3.25,RMB,0.0,CNBB 0.00 09-Sep,0,CND1000045J7,3.15,3.25
AMBMBRM-01M,01-Aug-2011,09:13:19,01-Aug-2011,17:13:19,3.15,3.25,RMB,0.0,CNBB 0.00 09-Sep,0,CND1000045J7,3.15,3.25
AMBMBRM-01M,02-Aug-2011,04:28:41,02-Aug-2011,12:28:41,3.15,3.25,RMB,0.0,CNBB 0.00 09-Sep,0,CND1000045J7,3.15,3.25
AMBMBRM-01M,02-Aug-2011,09:41:48,02-Aug-2011,17:41:48,3.15,3.25,RMB,0.0,CNBB 0.00 09-Sep,0,CND1000045J7,3.15,3.25
AMBMBRM-01M,02-Aug-2011,09:41:54,02-Aug-2011,17:41:54,3.15,3.15,RMB,0.0,CNBB 0.00 09-Sep,0,CND1000045J7,3.15,3.15
AMBMBRM-01M,02-Aug-2011,09:41:56,02-Aug-2011,17:41:56,3.15,3.15,RMB,0.0,CNBB 0.00 09-Sep,0,CND1000045J7,3.15,3.15
AMBMBRM-01M,02-Aug-2011,09:41:59,02-Aug-2011,17:41:59,3.05,3.15,RMB,0.0,CNBB 0.00 09-Sep,0,CND1000045J7,3.05,3.15
AMBMBRM-01M,02-Aug-2011,09:42:00,02-Aug-2011,17:42:00,3.05,3.15,RMB,0.0,CNBB 0.00 09-Sep,0,CND1000045J7,3.05,3.15
AMBMBRM-01M,04-Aug-2011,09:42:57,04-Aug-2011,17:42:57,3.05,3.1,RMB,0.0,CNBB 0.00 09-Sep,0,CND1000045J7,3.05,3.1
AMBMBRM-01M,04-Aug-2011,09:42:58,04-Aug-2011,17:42:58,3.05,3.1,RMB,0.0,CNBB 0.00 09-Sep,0,CND1000045J7,3.05,3.1
AMBMBRM-01M,04-Aug-2011,09:42:59,04-Aug-2011,17:42:59,3.0,3.1,RMB,0.0,CNBB 0.00 09-Sep,0,CND1000045J7,3.0,3.1
AMBMBRM-01M,04-Aug-2011,09:43:00,04-Aug-2011,17:43:00,3.0,3.1,RMB,0.0,CNBB 0.00 09-Sep,0,CND1000045J7,3.0,3.1
AMBMBRM-01M,05-Aug-2011,02:08:44,05-Aug-2011,10:08:44,3.0,3.1,RMB,0.0,CNBB 0.00 09-Sep,0,CND1000045J7,3.0,3.1
AMBMBRM-01M,05-Aug-2011,03:44:11,05-Aug-2011,11:44:11,3.0,3.1,RMB,0.0,CNBB 0.00 09-Sep,0,CND1000045J7,3.0,3.1
AMBMBRM-01M,05-Aug-2011,07:45:45,05-Aug-2011,15:45:45,3.0,3.1,RMB,0.0,CNBB 0.00 09-Sep,0,CND1000045J7,3.0,3.1
AMBMBRM-01M,05-Aug-2011,09:45:05,05-Aug-2011,17:45:05,3.0,3.1,RMB,0.0,CNBB 0.00 09-Sep,0,CND1000045J7,3.0,3.1
AMBMBRM-01M,05-Aug-2011,09:45:07,05-Aug-2011,17:45:07,3.0,3.1,RMB,0.0,CNBB 0.00 09-Sep,0,CND1000045J7,3.0,3.1
AMBMBRM-01M,05-Aug-2011,09:45:13,05-Aug-2011,17:45:13,3.0,3.05,RMB,0.0,CNBB 0.00 09-Sep,0,CND1000045J7,3.0,3.05
AMBMBRM-01M,05-Aug-2011,09:45:14,05-Aug-2011,17:45:14,3.0,3.05,RMB,0.0,CNBB 0.00 09-Sep,0,CND1000045J7,3.0,3.05
AMBMBRM-01M,05-Aug-2011,09:45:15,05-Aug-2011,17:45:15,2.95,3.05,RMB,0.0,CNBB 0.00 09-Sep,0,CND1000045J7,2.95,3.05
AMBMBRM-01M,05-Aug-2011,09:45:16,05-Aug-2011,17:45:16,2.95,3.05,RMB,0.0,CNBB 0.00 09-Sep,0,CND1000045J7,2.95,3.05
AMBMBRM-01M,08-Aug-2011,01:46:13,08-Aug-2011,09:46:13,2.95,3.05,RMB,0.0,CNBB 0.00 09-Sep,0,CND1000045J7,2.95,3.05
AMBMBRM-01M,08-Aug-2011,09:37:01,08-Aug-2011,17:37:01,2.95,3.05,RMB,0.0,CNBB 0.00 09-Sep,0,CND1000045J7,2.95,3.05
AMBMBRM-01M,09-Aug-2011,09:35:04,09-Aug-2011,17:35:04,2.95,3.05,RMB,0.0,CNBB 0.00 15-Sep,0,CND100003151,2.95,3.05
AMBMBRM-01M,10-Aug-2011,03:42:23,10-Aug-2011,11:42:23,2.95,3.05,RMB,0.0,CNBB 0.00 15-Sep,0,CND100003151,2.95,3.05
AMBMBRM-01M,10-Aug-2011,09:06:03,10-Aug-2011,17:06:03,2.95,3.05,RMB,0.0,CNBB 0.00 15-Sep,0,CND100003151,2.95,3.05
AMBMBRM-01M,11-Aug-2011,00:27:03,11-Aug-2011,08:27:03,2.95,3.05,RMB,0.0,CNBB 0.00 15-Sep,0,CND100003151,2.95,3.05
AMBMBRM-01M,11-Aug-2011,12:34:57,11-Aug-2011,20:34:57,2.95,3.05,RMB,0.0,CNBB 0.00 15-Sep,0,CND100003151,2.95,3.05
AMBMBRM-01M,12-Aug-2011,09:25:06,12-Aug-2011,17:25:06,2.95,3.05,RMB,0.0,CNBB 0.00 15-Sep,0,CND100003151,2.95,3.05
AMBMBRM-01M,16-Aug-2011,08:55:07,16-Aug-2011,16:55:07,2.95,3.05,RMB,0.0,CNBB 0.00 15-Sep,0,CND100003151,2.95,3.05
AMBMBRM-01M,17-Aug-2011,09:19:59,17-Aug-2011,17:19:59,2.95,3.05,RMB,0.0,CNBB 0.00 15-Sep,0,CND100003151,2.95,3.05
AMBMBRM-01M,19-Aug-2011,00:46:02,19-Aug-2011,08:46:02,3.0,3.1,RMB,0.0,CNBB 0.00 15-Sep,0,CND100003151,3.0,3.1
AMBMBRM-01M,19-Aug-2011,05:18:03,19-Aug-2011,13:18:03,3.0,3.1,RMB,0.0,CNBB 0.00 15-Sep,0,CND100003151,3.0,3.1
AMBMBRM-01M,19-Aug-2011,05:21:13,19-Aug-2011,13:21:13,3.0,3.1,RMB,0.0,CNBB 0.00 15-Sep,0,CND100003151,3.0,3.1
AMBMBRM-01M,19-Aug-2011,08:36:49,19-Aug-2011,16:36:49,3.0,3.15,RMB,0.0,CNBB 0.00 15-Sep,0,CND100003151,3.0,3.15
AMBMBRM-01M,19-Aug-2011,08:36:50,19-Aug-2011,16:36:50,3.0,3.15,RMB,0.0,CNBB 0.00 15-Sep,0,CND100003151,3.0,3.15
AMBMBRM-01M,19-Aug-2011,08:36:52,19-Aug-2011,16:36:52,3.05,3.15,RMB,0.0,CNBB 0.00 15-Sep,0,CND100003151,3.05,3.15
AMBMBRM-01M,19-Aug-2011,08:36:54,19-Aug-2011,16:36:54,3.05,3.15,RMB,0.0,CNBB 0.00 15-Sep,0,CND100003151,3.05,3.15
AMBMBRM-01M,22-Aug-2011,09:01:23,22-Aug-2011,17:01:23,2.95,3.05,RMB,0.0,CNBB 0.00 07-Oct,0,CND1000048T0,2.95,3.05
AMBMBRM-01M,22-Aug-2011,09:01:24,22-Aug-2011,17:01:24,2.95,3.05,RMB,0.0,CNBB 0.00 07-Oct,0,CND1000048T0,2.95,3.05
AMBMBRM-01M,22-Aug-2011,09:52:29,22-Aug-2011,17:52:29,2.95,3.05,RMB,0.0,CNBB 0.00 07-Oct,0,CND1000048T0,2.95,3.05
AMBMBRM-01M,22-Aug-2011,09:58:01,22-Aug-2011,17:58:01,2.95,3.05,RMB,0.0,CNBB 0.00 07-Oct,0,CND1000048T0,2.95,3.05
AMBMBRM-01M,23-Aug-2011,00:00:35,23-Aug-2011,08:00:35,3.05,3.15,RMB,0.0,CNBB 0.00 07-Oct,0,CND1000048T0,3.05,3.15
AMBMBRM-01M,23-Aug-2011,00:03:51,23-Aug-2011,08:03:51,3.05,3.15,RMB,0.0,CNBB 0.00 07-Oct,0,CND1000048T0,3.05,3.15
