RIC NAME,GMT DATE, GMT TIME ,Asia/Shanghai DATE ,Asia/Shanghai TIME ,ASK,BID,COUPN_RATE,DSPLY_NAME,MATUR_DATE,OFFCL_CODE,YTM_ASK,YTM_BID
AMBMGRM-01Y,03-Dec-2010,03:00:20,03-Dec-2010,11:00:20,3.1,3.2,2.21,CNSB 2.21 Dec 11,0,CND1000016G4,3.1,3.2
AMBMGRM-01Y,03-Dec-2010,06:45:40,03-Dec-2010,14:45:40,3.1,3.2,2.21,CNSB 2.21 Dec 11,0,CND1000016G4,3.1,3.2
AMBMGRM-01Y,03-Dec-2010,06:45:40,03-Dec-2010,14:45:40,3.1,3.2,2.21,CNSB 2.21 Dec 11,0,CND1000016G4,3.1,3.2
AMBMGRM-01Y,03-Dec-2010,06:45:40,03-Dec-2010,14:45:40,3.1,3.2,2.21,CNSB 2.21 Dec 11,0,CND1000016G4,3.1,3.2
AMBMGRM-01Y,03-Dec-2010,06:45:40,03-Dec-2010,14:45:40,3.1,3.2,2.21,CNSB 2.21 Dec 11,0,CND1000016G4,3.1,3.2
AMBMGRM-01Y,03-Dec-2010,06:45:40,03-Dec-2010,14:45:40,3.1,3.2,2.21,CNSB 2.21 Dec 11,0,CND1000016G4,3.1,3.2
AMBMGRM-01Y,03-Dec-2010,06:45:40,03-Dec-2010,14:45:40,3.1,3.2,2.21,CNSB 2.21 Dec 11,0,CND1000016G4,3.1,3.2
AMBMGRM-01Y,03-Dec-2010,06:45:40,03-Dec-2010,14:45:40,3.1,3.2,2.21,CNSB 2.21 Dec 11,0,CND1000016G4,3.1,3.2
AMBMGRM-01Y,03-Dec-2010,06:45:40,03-Dec-2010,14:45:40,3.1,3.2,2.21,CNSB 2.21 Dec 11,0,CND1000016G4,3.1,3.2
AMBMGRM-01Y,03-Dec-2010,12:17:53,03-Dec-2010,20:17:53,3.1,3.2,2.21,CNSB 2.21 Dec 11,0,CND1000016G4,3.1,3.2
AMBMGRM-01Y,03-Dec-2010,13:32:54,03-Dec-2010,21:32:54,3.1,3.2,2.21,CNSB 2.21 Dec 11,0,CND1000016G4,3.1,3.2
AMBMGRM-01Y,06-Dec-2010,05:59:03,06-Dec-2010,13:59:03,3.1,3.2,2.21,CNSB 2.21 Dec 11,0,CND1000016G4,3.1,3.2
AMBMGRM-01Y,06-Dec-2010,05:59:03,06-Dec-2010,13:59:03,3.1,3.2,2.15,CNSB 2.21 Dec 11,0,CND1000016G4,3.1,3.2
AMBMGRM-01Y,06-Dec-2010,05:59:03,06-Dec-2010,13:59:03,3.1,3.2,2.15,CNSB 2.21 Dec 11,0,CND1000016Q3,3.1,3.2
AMBMGRM-01Y,06-Dec-2010,05:59:03,06-Dec-2010,13:59:03,3.1,3.2,2.15,CNSB 2.15 Dec 11,0,CND1000016Q3,3.1,3.2
AMBMGRM-01Y,06-Dec-2010,05:59:03,06-Dec-2010,13:59:03,3.1,3.2,2.15,CNSB 2.15 Dec 11,0,CND1000016Q3,3.1,3.2
AMBMGRM-01Y,06-Dec-2010,05:59:03,06-Dec-2010,13:59:03,3.1,3.2,2.15,CNSB 2.15 Dec 11,0,CND1000016Q3,3.1,3.2
AMBMGRM-01Y,06-Dec-2010,05:59:03,06-Dec-2010,13:59:03,3.1,3.2,2.15,CNSB 2.15 Dec 11,0,CND1000016Q3,3.1,3.2
AMBMGRM-01Y,06-Dec-2010,05:59:03,06-Dec-2010,13:59:03,3.1,3.2,2.15,CNSB 2.15 Dec 11,0,CND1000016Q3,3.1,3.2
AMBMGRM-01Y,06-Dec-2010,11:36:14,06-Dec-2010,19:36:14,3.1,3.2,2.15,CNSB 2.15 Dec 11,0,CND1000016Q3,3.1,3.2
AMBMGRM-01Y,06-Dec-2010,13:32:49,06-Dec-2010,21:32:49,3.1,3.2,2.15,CNSB 2.15 Dec 11,0,CND1000016Q3,3.1,3.2
AMBMGRM-01Y,07-Dec-2010,02:15:38,07-Dec-2010,10:15:38,3.1,3.2,2.15,CNSB 2.15 Dec 11,0,CND1000016Q3,3.1,3.2
AMBMGRM-01Y,07-Dec-2010,02:15:38,07-Dec-2010,10:15:38,3.1,3.2,2.15,CNSB 2.15 Dec 11,0,CND1000016Q3,3.1,3.2
AMBMGRM-01Y,07-Dec-2010,02:15:38,07-Dec-2010,10:15:38,3.1,3.2,2.15,CNSB 2.15 Dec 11,0,CND1000016Q3,3.1,3.2
AMBMGRM-01Y,07-Dec-2010,02:15:38,07-Dec-2010,10:15:38,3.1,3.2,2.15,CNSB 2.15 Dec 11,0,CND1000016Q3,3.1,3.2
AMBMGRM-01Y,07-Dec-2010,02:15:38,07-Dec-2010,10:15:38,3.1,3.2,2.15,CNSB 2.15 Dec 11,0,CND1000016Q3,3.1,3.2
AMBMGRM-01Y,07-Dec-2010,02:15:38,07-Dec-2010,10:15:38,3.1,3.2,2.15,CNSB 2.15 Dec 11,0,CND1000016Q3,3.1,3.2
AMBMGRM-01Y,07-Dec-2010,02:15:38,07-Dec-2010,10:15:38,3.1,3.2,2.15,CNSB 2.15 Dec 11,0,CND1000016Q3,3.1,3.2
AMBMGRM-01Y,07-Dec-2010,02:15:38,07-Dec-2010,10:15:38,3.1,3.2,2.15,CNSB 2.15 Dec 11,0,CND1000016Q3,3.1,3.2
AMBMGRM-01Y,07-Dec-2010,02:16:36,07-Dec-2010,10:16:36,3.1,3.1,2.15,CNSB 2.15 Dec 11,0,CND1000016Q3,3.1,3.1
AMBMGRM-01Y,07-Dec-2010,02:16:36,07-Dec-2010,10:16:36,3.1,3.1,2.15,CNSB 2.15 Dec 11,0,CND1000016Q3,3.1,3.1
AMBMGRM-01Y,07-Dec-2010,02:16:37,07-Dec-2010,10:16:37,3.0,3.1,2.15,CNSB 2.15 Dec 11,0,CND1000016Q3,3.0,3.1
AMBMGRM-01Y,07-Dec-2010,02:16:37,07-Dec-2010,10:16:37,3.0,3.1,2.15,CNSB 2.15 Dec 11,0,CND1000016Q3,3.0,3.1
AMBMGRM-01Y,07-Dec-2010,05:41:49,07-Dec-2010,13:41:49,3.0,3.1,2.15,CNSB 2.15 Dec 11,0,CND1000016Q3,3.0,3.1
AMBMGRM-01Y,07-Dec-2010,05:41:49,07-Dec-2010,13:41:49,3.0,3.1,2.15,CNSB 2.15 Dec 11,0,CND1000016Q3,3.0,3.1
AMBMGRM-01Y,07-Dec-2010,05:41:49,07-Dec-2010,13:41:49,3.0,3.1,2.15,CNSB 2.15 Dec 11,0,CND1000016Q3,3.0,3.1
AMBMGRM-01Y,07-Dec-2010,05:41:50,07-Dec-2010,13:41:50,3.0,3.1,2.15,CNSB 2.15 12-Dec,0,CND1000016Q3,3.0,3.1
AMBMGRM-01Y,07-Dec-2010,05:41:50,07-Dec-2010,13:41:50,3.0,3.1,2.15,CNSB 2.15 12-Dec,0,CND1000016Q3,3.0,3.1
AMBMGRM-01Y,07-Dec-2010,05:41:50,07-Dec-2010,13:41:50,3.0,3.1,2.15,CNSB 2.15 12-Dec,0,CND1000016Q3,3.0,3.1
AMBMGRM-01Y,07-Dec-2010,05:41:50,07-Dec-2010,13:41:50,3.0,3.1,2.15,CNSB 2.15 12-Dec,0,CND1000016Q3,3.0,3.1
AMBMGRM-01Y,07-Dec-2010,05:41:50,07-Dec-2010,13:41:50,3.0,3.1,2.15,CNSB 2.15 12-Dec,0,CND1000016Q3,3.0,3.1
AMBMGRM-01Y,07-Dec-2010,09:08:40,07-Dec-2010,17:08:40,3.0,3.25,2.15,CNSB 2.15 12-Dec,0,CND1000016Q3,3.0,3.25
AMBMGRM-01Y,07-Dec-2010,09:08:40,07-Dec-2010,17:08:40,3.0,3.25,2.15,CNSB 2.15 12-Dec,0,CND1000016Q3,3.0,3.25
AMBMGRM-01Y,07-Dec-2010,09:08:43,07-Dec-2010,17:08:43,3.15,3.25,2.15,CNSB 2.15 12-Dec,0,CND1000016Q3,3.15,3.25
AMBMGRM-01Y,07-Dec-2010,09:08:43,07-Dec-2010,17:08:43,3.15,3.25,2.15,CNSB 2.15 12-Dec,0,CND1000016Q3,3.15,3.25
AMBMGRM-01Y,08-Dec-2010,08:43:12,08-Dec-2010,16:43:12,3.15,3.25,2.15,CNSB 2.15 12-Dec,0,CND1000016Q3,3.15,3.25
AMBMGRM-01Y,08-Dec-2010,08:43:12,08-Dec-2010,16:43:12,3.15,3.25,2.15,CNSB 2.15 12-Dec,0,CND1000016Q3,3.15,3.25
AMBMGRM-01Y,08-Dec-2010,08:43:12,08-Dec-2010,16:43:12,3.15,3.25,2.15,CNSB 2.15 12-Dec,0,CND1000016Q3,3.15,3.25
AMBMGRM-01Y,08-Dec-2010,08:43:12,08-Dec-2010,16:43:12,3.15,3.25,2.15,CNSB 2.15 12-Dec,0,CND1000016Q3,3.15,3.25
AMBMGRM-01Y,08-Dec-2010,08:43:12,08-Dec-2010,16:43:12,3.15,3.25,2.15,CNSB 2.15 12-Dec,0,CND1000016Q3,3.15,3.25
AMBMGRM-01Y,08-Dec-2010,08:43:13,08-Dec-2010,16:43:13,3.15,3.25,2.15,CNSB 2.15 12-Dec,0,CND1000016Q3,3.15,3.25
AMBMGRM-01Y,08-Dec-2010,08:43:13,08-Dec-2010,16:43:13,3.15,3.25,2.15,CNSB 2.15 12-Dec,0,CND1000016Q3,3.15,3.25
AMBMGRM-01Y,08-Dec-2010,08:43:13,08-Dec-2010,16:43:13,3.15,3.25,2.15,CNSB 2.15 12-Dec,0,CND1000016Q3,3.15,3.25
AMBMGRM-01Y,08-Dec-2010,08:59:39,08-Dec-2010,16:59:39,3.0,3.1,2.15,CNSB 2.15 12-Dec,0,CND1000016Q3,3.0,3.1
AMBMGRM-01Y,08-Dec-2010,08:59:39,08-Dec-2010,16:59:39,3.0,3.1,2.15,CNSB 2.15 12-Dec,0,CND1000016Q3,3.0,3.1
AMBMGRM-01Y,08-Dec-2010,13:02:40,08-Dec-2010,21:02:40,3.0,3.1,2.15,CNSB 2.15 12-Dec,0,CND1000016Q3,3.0,3.1
AMBMGRM-01Y,08-Dec-2010,17:33:00,09-Dec-2010,01:33:00,3.0,3.1,2.15,CNSB 2.15 12-Dec,0,CND1000016Q3,3.0,3.1
AMBMGRM-01Y,08-Dec-2010,23:55:10,09-Dec-2010,07:55:10,3.0,3.1,2.15,CNSB 2.15 12-Dec,0,CND1000016Q3,3.0,3.1
AMBMGRM-01Y,09-Dec-2010,02:20:08,09-Dec-2010,10:20:08,3.0,3.1,2.15,CNSB 2.15 12-Dec,0,CND1000016Q3,3.0,3.1
AMBMGRM-01Y,09-Dec-2010,07:55:08,09-Dec-2010,15:55:08,3.0,3.1,2.15,CNSB 2.15 12-Dec,0,CND1000016Q3,3.0,3.1
AMBMGRM-01Y,09-Dec-2010,07:55:09,09-Dec-2010,15:55:09,3.0,3.1,2.15,CNSB 2.15 12-Dec,0,CND1000016Q3,3.0,3.1
AMBMGRM-01Y,09-Dec-2010,07:55:09,09-Dec-2010,15:55:09,3.0,3.1,2.15,CNSB 2.15 12-Dec,0,CND1000016Q3,3.0,3.1
AMBMGRM-01Y,09-Dec-2010,07:55:09,09-Dec-2010,15:55:09,3.0,3.1,2.15,CNSB 2.15 12-Dec,0,CND1000016Q3,3.0,3.1
AMBMGRM-01Y,09-Dec-2010,07:55:09,09-Dec-2010,15:55:09,3.0,3.1,2.15,CNSB 2.15 12-Dec,0,CND1000016Q3,3.0,3.1
AMBMGRM-01Y,09-Dec-2010,07:55:09,09-Dec-2010,15:55:09,3.0,3.1,2.15,CNSB 2.15 12-Dec,0,CND1000016Q3,3.0,3.1
AMBMGRM-01Y,09-Dec-2010,07:55:09,09-Dec-2010,15:55:09,3.0,3.1,2.15,CNSB 2.15 12-Dec,0,CND1000016Q3,3.0,3.1
AMBMGRM-01Y,09-Dec-2010,07:55:09,09-Dec-2010,15:55:09,3.0,3.1,2.15,CNSB 2.15 12-Dec,0,CND1000016Q3,3.0,3.1
AMBMGRM-01Y,09-Dec-2010,08:01:45,09-Dec-2010,16:01:45,3.0,3.2,2.15,CNSB 2.15 12-Dec,0,CND1000016Q3,3.0,3.2
AMBMGRM-01Y,09-Dec-2010,08:01:45,09-Dec-2010,16:01:45,3.0,3.2,2.15,CNSB 2.15 12-Dec,0,CND1000016Q3,3.0,3.2
AMBMGRM-01Y,09-Dec-2010,08:01:47,09-Dec-2010,16:01:47,3.1,3.2,2.15,CNSB 2.15 12-Dec,0,CND1000016Q3,3.1,3.2
AMBMGRM-01Y,09-Dec-2010,08:01:47,09-Dec-2010,16:01:47,3.1,3.2,2.15,CNSB 2.15 12-Dec,0,CND1000016Q3,3.1,3.2
AMBMGRM-01Y,10-Dec-2010,03:10:10,10-Dec-2010,11:10:10,3.1,3.2,2.15,CNSB 2.15 12-Dec,0,CND1000016Q3,3.1,3.2
AMBMGRM-01Y,10-Dec-2010,03:10:10,10-Dec-2010,11:10:10,3.1,3.2,0.0,CNSB 2.15 12-Dec,0,CND1000016Q3,3.1,3.2
AMBMGRM-01Y,10-Dec-2010,03:28:39,10-Dec-2010,11:28:39,3.1,3.2,2.15,CNSB  ,0,CND1000016Q3,3.1,3.2
AMBMGRM-01Y,10-Dec-2010,03:28:39,10-Dec-2010,11:28:39,3.1,3.2,2.15,CNSB 2.15 12-Dec,0,CND1000016Q3,3.1,3.2
AMBMGRM-01Y,10-Dec-2010,08:31:23,10-Dec-2010,16:31:23,3.1,3.2,2.15,CNSB 2.15 12-Dec,0,CND1000016Q3,3.1,3.2
AMBMGRM-01Y,10-Dec-2010,08:31:23,10-Dec-2010,16:31:23,3.1,3.2,2.15,CNSB 2.15 12-Dec,0,CND1000016Q3,3.1,3.2
AMBMGRM-01Y,10-Dec-2010,08:31:23,10-Dec-2010,16:31:23,3.1,3.2,2.15,CNSB 2.15 12-Dec,0,CND1000016Q3,3.1,3.2
AMBMGRM-01Y,10-Dec-2010,08:31:23,10-Dec-2010,16:31:23,3.1,3.2,2.15,CNSB 2.15 12-Dec,0,CND1000016Q3,3.1,3.2
AMBMGRM-01Y,10-Dec-2010,08:31:23,10-Dec-2010,16:31:23,3.1,3.2,2.15,CNSB 2.15 12-Dec,0,CND1000016Q3,3.1,3.2
AMBMGRM-01Y,10-Dec-2010,08:31:24,10-Dec-2010,16:31:24,3.1,3.2,2.15,CNSB 2.15 12-Dec,0,CND1000016Q3,3.1,3.2
AMBMGRM-01Y,10-Dec-2010,08:31:24,10-Dec-2010,16:31:24,3.1,3.2,2.15,CNSB 2.15 12-Dec,0,CND1000016Q3,3.1,3.2
AMBMGRM-01Y,10-Dec-2010,08:31:24,10-Dec-2010,16:31:24,3.1,3.2,2.15,CNSB 2.15 12-Dec,0,CND1000016Q3,3.1,3.2
AMBMGRM-01Y,10-Dec-2010,09:02:07,10-Dec-2010,17:02:07,3.15,3.2,2.15,CNSB 2.15 12-Dec,0,CND1000016Q3,3.15,3.2
AMBMGRM-01Y,10-Dec-2010,09:02:07,10-Dec-2010,17:02:07,3.15,3.2,2.15,CNSB 2.15 12-Dec,0,CND1000016Q3,3.15,3.2
AMBMGRM-01Y,13-Dec-2010,02:22:35,13-Dec-2010,10:22:35,3.15,3.2,2.15,CNSB 2.15 12-Dec,0,CND1000016Q3,3.15,3.2
AMBMGRM-01Y,13-Dec-2010,06:03:31,13-Dec-2010,14:03:31,3.15,3.2,2.15,CNSB 2.15 12-Dec,0,CND1000016Q3,3.15,3.2
AMBMGRM-01Y,13-Dec-2010,06:03:32,13-Dec-2010,14:03:32,3.15,3.2,2.15,CNSB 2.15 12-Dec,0,CND1000016Q3,3.15,3.2
AMBMGRM-01Y,13-Dec-2010,06:03:32,13-Dec-2010,14:03:32,3.15,3.2,2.15,CNSB 2.15 12-Dec,0,CND1000016Q3,3.15,3.2
AMBMGRM-01Y,13-Dec-2010,06:03:32,13-Dec-2010,14:03:32,3.15,3.2,2.15,CNSB 2.15 12-Dec,0,CND1000016Q3,3.15,3.2
AMBMGRM-01Y,13-Dec-2010,06:03:32,13-Dec-2010,14:03:32,3.15,3.2,2.15,CNSB 2.15 12-Dec,0,CND1000016Q3,3.15,3.2
AMBMGRM-01Y,13-Dec-2010,06:03:32,13-Dec-2010,14:03:32,3.15,3.2,2.15,CNSB 2.15 12-Dec,0,CND1000016Q3,3.15,3.2
AMBMGRM-01Y,13-Dec-2010,06:03:32,13-Dec-2010,14:03:32,3.15,3.2,2.15,CNSB 2.15 12-Dec,0,CND1000016Q3,3.15,3.2
AMBMGRM-01Y,13-Dec-2010,06:03:32,13-Dec-2010,14:03:32,3.15,3.2,2.15,CNSB 2.15 12-Dec,0,CND1000016Q3,3.15,3.2
AMBMGRM-01Y,14-Dec-2010,03:14:22,14-Dec-2010,11:14:22,3.15,3.2,2.15,CNSB 2.15 12-Dec,0,CND1000016Q3,3.15,3.2
AMBMGRM-01Y,14-Dec-2010,03:14:22,14-Dec-2010,11:14:22,3.15,3.2,2.15,CNSB 2.15 12-Dec,0,CND1000016Q3,3.15,3.2
AMBMGRM-01Y,14-Dec-2010,03:14:23,14-Dec-2010,11:14:23,3.15,3.2,2.15,CNSB 2.15 12-Dec,0,CND1000016Q3,3.15,3.2
AMBMGRM-01Y,14-Dec-2010,03:14:23,14-Dec-2010,11:14:23,3.15,3.2,2.15,CNSB 2.15 12-Dec,0,CND1000016Q3,3.15,3.2
AMBMGRM-01Y,14-Dec-2010,03:14:23,14-Dec-2010,11:14:23,3.15,3.2,2.15,CNSB 2.15 12-Dec,0,CND1000016Q3,3.15,3.2
AMBMGRM-01Y,14-Dec-2010,03:14:23,14-Dec-2010,11:14:23,3.15,3.2,2.15,CNSB 2.15 12-Dec,0,CND1000016Q3,3.15,3.2
AMBMGRM-01Y,14-Dec-2010,03:14:23,14-Dec-2010,11:14:23,3.15,3.2,2.15,CNSB 2.15 12-Dec,0,CND1000016Q3,3.15,3.2
AMBMGRM-01Y,14-Dec-2010,03:14:23,14-Dec-2010,11:14:23,3.15,3.2,2.15,CNSB 2.15 12-Dec,0,CND1000016Q3,3.15,3.2
AMBMGRM-01Y,14-Dec-2010,03:29:40,14-Dec-2010,11:29:40,3.15,3.3,2.15,CNSB 2.15 12-Dec,0,CND1000016Q3,3.15,3.3
AMBMGRM-01Y,14-Dec-2010,03:29:40,14-Dec-2010,11:29:40,3.15,3.3,2.15,CNSB 2.15 12-Dec,0,CND1000016Q3,3.15,3.3
AMBMGRM-01Y,14-Dec-2010,03:29:41,14-Dec-2010,11:29:41,3.2,3.3,2.15,CNSB 2.15 12-Dec,0,CND1000016Q3,3.2,3.3
AMBMGRM-01Y,14-Dec-2010,03:29:42,14-Dec-2010,11:29:42,3.2,3.3,2.15,CNSB 2.15 12-Dec,0,CND1000016Q3,3.2,3.3
AMBMGRM-01Y,14-Dec-2010,05:32:29,14-Dec-2010,13:32:29,3.2,3.3,2.15,CNSB 2.15 12-Dec,0,CND1000016Q3,3.2,3.3
AMBMGRM-01Y,16-Dec-2010,03:00:25,16-Dec-2010,11:00:25,3.2,3.3,2.15,CNSB 2.15 12-Dec,0,CND1000016Q3,3.2,3.3
AMBMGRM-01Y,17-Dec-2010,02:52:32,17-Dec-2010,10:52:32,3.2,3.3,2.15,CNSB 2.15 12-Dec,0,CND1000016Q3,3.2,3.3
AMBMGRM-01Y,17-Dec-2010,02:52:32,17-Dec-2010,10:52:32,3.2,3.3,2.15,CNSB 2.15 12-Dec,0,CND1000016Q3,3.2,3.3
AMBMGRM-01Y,17-Dec-2010,02:52:32,17-Dec-2010,10:52:32,3.2,3.3,2.15,CNSB 2.15 12-Dec,0,CND1000016Q3,3.2,3.3
AMBMGRM-01Y,17-Dec-2010,02:52:32,17-Dec-2010,10:52:32,3.2,3.3,2.15,CNSB 2.15 12-Dec,0,CND1000016Q3,3.2,3.3
AMBMGRM-01Y,17-Dec-2010,02:52:32,17-Dec-2010,10:52:32,3.2,3.3,2.15,CNSB 2.15 12-Dec,0,CND1000016Q3,3.2,3.3
AMBMGRM-01Y,17-Dec-2010,02:52:32,17-Dec-2010,10:52:32,3.2,3.3,2.15,CNSB 2.15 12-Dec,0,CND1000016Q3,3.2,3.3
AMBMGRM-01Y,17-Dec-2010,02:52:32,17-Dec-2010,10:52:32,3.2,3.3,2.15,CNSB 2.15 12-Dec,0,CND1000016Q3,3.2,3.3
AMBMGRM-01Y,17-Dec-2010,02:52:32,17-Dec-2010,10:52:32,3.2,3.3,2.15,CNSB 2.15 12-Dec,0,CND1000016Q3,3.2,3.3
AMBMGRM-01Y,17-Dec-2010,09:21:11,17-Dec-2010,17:21:11,3.2,3.4,2.15,CNSB 2.15 12-Dec,0,CND1000016Q3,3.2,3.4
AMBMGRM-01Y,17-Dec-2010,09:21:11,17-Dec-2010,17:21:11,3.2,3.4,2.15,CNSB 2.15 12-Dec,0,CND1000016Q3,3.2,3.4
AMBMGRM-01Y,17-Dec-2010,09:21:12,17-Dec-2010,17:21:12,3.3,3.4,2.15,CNSB 2.15 12-Dec,0,CND1000016Q3,3.3,3.4
AMBMGRM-01Y,17-Dec-2010,09:21:13,17-Dec-2010,17:21:13,3.3,3.4,2.15,CNSB 2.15 12-Dec,0,CND1000016Q3,3.3,3.4
AMBMGRM-01Y,21-Dec-2010,00:32:57,21-Dec-2010,08:32:57,3.3,3.4,2.15,CNSB 2.15 12-Dec,0,CND1000016Q3,3.3,3.4
AMBMGRM-01Y,21-Dec-2010,00:32:58,21-Dec-2010,08:32:58,3.3,3.4,2.15,CNSB 2.15 12-Dec,0,CND1000016Q3,3.3,3.4
AMBMGRM-01Y,21-Dec-2010,00:32:58,21-Dec-2010,08:32:58,3.3,3.4,2.15,CNSB 2.15 12-Dec,0,CND1000016Q3,3.3,3.4
AMBMGRM-01Y,21-Dec-2010,00:32:58,21-Dec-2010,08:32:58,3.3,3.4,2.15,CNSB 2.15 12-Dec,0,CND1000016Q3,3.3,3.4
AMBMGRM-01Y,21-Dec-2010,00:32:58,21-Dec-2010,08:32:58,3.3,3.4,2.15,CNSB 2.15 12-Dec,0,CND1000016Q3,3.3,3.4
AMBMGRM-01Y,21-Dec-2010,00:32:58,21-Dec-2010,08:32:58,3.3,3.4,2.15,CNSB 2.15 12-Dec,0,CND1000016Q3,3.3,3.4
AMBMGRM-01Y,21-Dec-2010,00:32:58,21-Dec-2010,08:32:58,3.3,3.4,2.15,CNSB 2.15 12-Dec,0,CND1000016Q3,3.3,3.4
AMBMGRM-01Y,21-Dec-2010,00:32:58,21-Dec-2010,08:32:58,3.3,3.4,2.15,CNSB 2.15 12-Dec,0,CND1000016Q3,3.3,3.4
AMBMGRM-01Y,22-Dec-2010,09:01:17,22-Dec-2010,17:01:17,3.3,3.4,2.15,CNSB 2.15 12-Dec,0,CND1000016Q3,3.3,3.4
AMBMGRM-01Y,22-Dec-2010,09:01:17,22-Dec-2010,17:01:17,3.3,3.4,2.15,CNSB 2.15 12-Dec,0,CND1000016Q3,3.3,3.4
AMBMGRM-01Y,22-Dec-2010,09:01:17,22-Dec-2010,17:01:17,3.3,3.4,2.15,CNSB 2.15 12-Dec,0,CND1000016Q3,3.3,3.4
AMBMGRM-01Y,22-Dec-2010,09:01:18,22-Dec-2010,17:01:18,3.3,3.4,2.15,CNSB 2.15 12-Dec,0,CND1000016Q3,3.3,3.4
AMBMGRM-01Y,22-Dec-2010,09:01:18,22-Dec-2010,17:01:18,3.3,3.4,2.15,CNSB 2.15 12-Dec,0,CND1000016Q3,3.3,3.4
AMBMGRM-01Y,22-Dec-2010,09:01:18,22-Dec-2010,17:01:18,3.3,3.4,2.15,CNSB 2.15 12-Dec,0,CND1000016Q3,3.3,3.4
AMBMGRM-01Y,22-Dec-2010,09:01:18,22-Dec-2010,17:01:18,3.3,3.4,2.15,CNSB 2.15 12-Dec,0,CND1000016Q3,3.3,3.4
AMBMGRM-01Y,22-Dec-2010,09:01:18,22-Dec-2010,17:01:18,3.3,3.4,2.15,CNSB 2.15 12-Dec,0,CND1000016Q3,3.3,3.4
AMBMGRM-01Y,22-Dec-2010,09:03:16,22-Dec-2010,17:03:16,3.3,3.6,2.15,CNSB 2.15 12-Dec,0,CND1000016Q3,3.3,3.6
AMBMGRM-01Y,22-Dec-2010,09:03:16,22-Dec-2010,17:03:16,3.3,3.6,2.15,CNSB 2.15 12-Dec,0,CND1000016Q3,3.3,3.6
AMBMGRM-01Y,22-Dec-2010,09:03:17,22-Dec-2010,17:03:17,3.5,3.6,2.15,CNSB 2.15 12-Dec,0,CND1000016Q3,3.5,3.6
AMBMGRM-01Y,22-Dec-2010,09:03:18,22-Dec-2010,17:03:18,3.5,3.6,2.15,CNSB 2.15 12-Dec,0,CND1000016Q3,3.5,3.6
AMBMGRM-01Y,22-Dec-2010,21:11:25,23-Dec-2010,05:11:25,3.5,3.6,2.15,CNSB 2.15 12-Dec,0,CND1000016Q3,3.5,3.6
AMBMGRM-01Y,22-Dec-2010,21:11:54,23-Dec-2010,05:11:54,3.5,3.6,2.15,CNSB 2.15 12-Dec,0,CND1000016Q3,3.5,3.6
AMBMGRM-01Y,22-Dec-2010,21:13:02,23-Dec-2010,05:13:02,3.5,3.6,2.15,CNSB 2.15 12-Dec,0,CND1000016Q3,3.5,3.6
AMBMGRM-01Y,23-Dec-2010,08:38:12,23-Dec-2010,16:38:12,3.5,3.6,2.15,CNSB 2.15 12-Dec,0,CND1000016Q3,3.5,3.6
AMBMGRM-01Y,23-Dec-2010,08:38:12,23-Dec-2010,16:38:12,3.5,3.6,2.15,CNSB 2.15 12-Dec,0,CND1000016Q3,3.5,3.6
AMBMGRM-01Y,23-Dec-2010,08:38:12,23-Dec-2010,16:38:12,3.5,3.6,2.15,CNSB 2.15 12-Dec,0,CND1000016Q3,3.5,3.6
AMBMGRM-01Y,23-Dec-2010,08:38:12,23-Dec-2010,16:38:12,3.5,3.6,2.15,CNSB 2.15 12-Dec,0,CND1000016Q3,3.5,3.6
AMBMGRM-01Y,23-Dec-2010,08:38:12,23-Dec-2010,16:38:12,3.5,3.6,2.15,CNSB 2.15 12-Dec,0,CND1000016Q3,3.5,3.6
AMBMGRM-01Y,23-Dec-2010,08:38:12,23-Dec-2010,16:38:12,3.5,3.6,2.15,CNSB 2.15 12-Dec,0,CND1000016Q3,3.5,3.6
AMBMGRM-01Y,23-Dec-2010,08:38:13,23-Dec-2010,16:38:13,3.5,3.6,2.15,CNSB 2.15 12-Dec,0,CND1000016Q3,3.5,3.6
AMBMGRM-01Y,23-Dec-2010,08:38:13,23-Dec-2010,16:38:13,3.5,3.6,2.15,CNSB 2.15 12-Dec,0,CND1000016Q3,3.5,3.6
AMBMGRM-01Y,23-Dec-2010,08:40:48,23-Dec-2010,16:40:48,3.5,3.55,2.15,CNSB 2.15 12-Dec,0,CND1000016Q3,3.5,3.55
AMBMGRM-01Y,23-Dec-2010,08:40:48,23-Dec-2010,16:40:48,3.5,3.55,2.15,CNSB 2.15 12-Dec,0,CND1000016Q3,3.5,3.55
AMBMGRM-01Y,23-Dec-2010,08:40:49,23-Dec-2010,16:40:49,3.45,3.55,2.15,CNSB 2.15 12-Dec,0,CND1000016Q3,3.45,3.55
AMBMGRM-01Y,23-Dec-2010,08:40:49,23-Dec-2010,16:40:49,3.45,3.55,2.15,CNSB 2.15 12-Dec,0,CND1000016Q3,3.45,3.55
AMBMGRM-01Y,23-Dec-2010,18:00:55,24-Dec-2010,02:00:55,3.45,3.55,2.15,CNSB 2.15 12-Dec,0,CND1000016Q3,3.45,3.55
AMBMGRM-01Y,24-Dec-2010,09:49:25,24-Dec-2010,17:49:25,3.45,3.55,2.15,CNSB 2.15 12-Dec,0,CND1000016Q3,3.45,3.55
AMBMGRM-01Y,24-Dec-2010,09:49:26,24-Dec-2010,17:49:26,3.45,3.55,2.15,CNSB 2.15 12-Dec,0,CND1000016Q3,3.45,3.55
AMBMGRM-01Y,24-Dec-2010,09:49:26,24-Dec-2010,17:49:26,3.45,3.55,2.15,CNSB 2.15 12-Dec,0,CND1000016Q3,3.45,3.55
AMBMGRM-01Y,24-Dec-2010,09:49:26,24-Dec-2010,17:49:26,3.45,3.55,2.15,CNSB 2.15 12-Dec,0,CND1000016Q3,3.45,3.55
AMBMGRM-01Y,24-Dec-2010,09:49:26,24-Dec-2010,17:49:26,3.45,3.55,2.15,CNSB 2.15 12-Dec,0,CND1000016Q3,3.45,3.55
AMBMGRM-01Y,24-Dec-2010,09:49:26,24-Dec-2010,17:49:26,3.45,3.55,2.15,CNSB 2.15 12-Dec,0,CND1000016Q3,3.45,3.55
AMBMGRM-01Y,24-Dec-2010,09:49:26,24-Dec-2010,17:49:26,3.45,3.55,2.15,CNSB 2.15 12-Dec,0,CND1000016Q3,3.45,3.55
AMBMGRM-01Y,24-Dec-2010,09:49:26,24-Dec-2010,17:49:26,3.45,3.55,2.15,CNSB 2.15 12-Dec,0,CND1000016Q3,3.45,3.55
AMBMGRM-01Y,24-Dec-2010,13:34:11,24-Dec-2010,21:34:11,3.45,3.55,2.15,CNSB 2.15 12-Dec,0,CND1000016Q3,3.45,3.55
AMBMGRM-01Y,28-Dec-2010,01:51:32,28-Dec-2010,09:51:32,3.45,3.55,2.15,CNSB 2.15 12-Dec,0,CND1000016Q3,3.45,3.55
AMBMGRM-01Y,29-Dec-2010,08:54:04,29-Dec-2010,16:54:04,3.45,3.55,2.15,CNSB 2.15 12-Dec,0,CND1000016Q3,3.45,3.55
AMBMGRM-01Y,29-Dec-2010,08:54:04,29-Dec-2010,16:54:04,3.45,3.55,2.15,CNSB 2.15 12-Dec,0,CND1000016Q3,3.45,3.55
AMBMGRM-01Y,29-Dec-2010,08:54:04,29-Dec-2010,16:54:04,3.45,3.55,2.15,CNSB 2.15 12-Dec,0,CND1000016Q3,3.45,3.55
AMBMGRM-01Y,29-Dec-2010,08:54:04,29-Dec-2010,16:54:04,3.45,3.55,2.15,CNSB 2.15 12-Dec,0,CND1000016Q3,3.45,3.55
AMBMGRM-01Y,29-Dec-2010,08:54:04,29-Dec-2010,16:54:04,3.45,3.55,2.15,CNSB 2.15 12-Dec,0,CND1000016Q3,3.45,3.55
AMBMGRM-01Y,29-Dec-2010,08:54:04,29-Dec-2010,16:54:04,3.45,3.55,2.15,CNSB 2.15 12-Dec,0,CND1000016Q3,3.45,3.55
AMBMGRM-01Y,29-Dec-2010,08:54:04,29-Dec-2010,16:54:04,3.45,3.55,2.15,CNSB 2.15 12-Dec,0,CND1000016Q3,3.45,3.55
AMBMGRM-01Y,29-Dec-2010,08:54:04,29-Dec-2010,16:54:04,3.45,3.55,2.15,CNSB 2.15 12-Dec,0,CND1000016Q3,3.45,3.55
AMBMGRM-01Y,29-Dec-2010,09:02:24,29-Dec-2010,17:02:24,3.45,3.7,2.15,CNSB 2.15 12-Dec,0,CND1000016Q3,3.45,3.7
AMBMGRM-01Y,29-Dec-2010,09:02:24,29-Dec-2010,17:02:24,3.45,3.7,2.15,CNSB 2.15 12-Dec,0,CND1000016Q3,3.45,3.7
AMBMGRM-01Y,29-Dec-2010,09:02:26,29-Dec-2010,17:02:26,3.6,3.7,2.15,CNSB 2.15 12-Dec,0,CND1000016Q3,3.6,3.7
AMBMGRM-01Y,29-Dec-2010,09:02:26,29-Dec-2010,17:02:26,3.6,3.7,2.15,CNSB 2.15 12-Dec,0,CND1000016Q3,3.6,3.7
AMBMGRM-01Y,30-Dec-2010,08:07:47,30-Dec-2010,16:07:47,3.6,3.6,2.15,CNSB 2.15 12-Dec,0,CND1000016Q3,3.6,3.6
AMBMGRM-01Y,30-Dec-2010,08:07:47,30-Dec-2010,16:07:47,3.6,3.6,2.15,CNSB 2.15 12-Dec,0,CND1000016Q3,3.6,3.6
AMBMGRM-01Y,30-Dec-2010,08:07:49,30-Dec-2010,16:07:49,3.5,3.6,2.15,CNSB 2.15 12-Dec,0,CND1000016Q3,3.5,3.6
AMBMGRM-01Y,30-Dec-2010,08:07:49,30-Dec-2010,16:07:49,3.5,3.6,2.15,CNSB 2.15 12-Dec,0,CND1000016Q3,3.5,3.6
AMBMGRM-01Y,04-Jan-2011,06:15:52,04-Jan-2011,14:15:52,3.5,3.6,2.15,CNSB 2.15 12-Dec,0,CND1000016Q3,3.5,3.6
AMBMGRM-01Y,04-Jan-2011,06:15:52,04-Jan-2011,14:15:52,3.5,3.6,2.15,CNSB 2.15 12-Dec,0,CND1000016Q3,3.5,3.6
AMBMGRM-01Y,04-Jan-2011,06:15:52,04-Jan-2011,14:15:52,3.5,3.6,2.15,CNSB 2.15 12-Dec,0,CND1000016Q3,3.5,3.6
AMBMGRM-01Y,04-Jan-2011,06:15:52,04-Jan-2011,14:15:52,3.5,3.6,2.15,CNSB 2.15 12-Dec,0,CND1000016Q3,3.5,3.6
AMBMGRM-01Y,04-Jan-2011,06:15:52,04-Jan-2011,14:15:52,3.5,3.6,2.15,CNSB 2.15 12-Dec,0,CND1000016Q3,3.5,3.6
AMBMGRM-01Y,04-Jan-2011,06:15:52,04-Jan-2011,14:15:52,3.5,3.6,2.15,CNSB 2.15 12-Dec,0,CND1000016Q3,3.5,3.6
AMBMGRM-01Y,04-Jan-2011,06:15:52,04-Jan-2011,14:15:52,3.5,3.6,2.15,CNSB 2.15 12-Dec,0,CND1000016Q3,3.5,3.6
AMBMGRM-01Y,04-Jan-2011,06:15:53,04-Jan-2011,14:15:53,3.5,3.6,2.15,CNSB 2.15 12-Dec,0,CND1000016Q3,3.5,3.6
AMBMGRM-01Y,04-Jan-2011,08:11:57,04-Jan-2011,16:11:57,3.5,3.5,2.15,CNSB 2.15 12-Dec,0,CND1000016Q3,3.5,3.5
AMBMGRM-01Y,04-Jan-2011,08:11:57,04-Jan-2011,16:11:57,3.5,3.5,2.15,CNSB 2.15 12-Dec,0,CND1000016Q3,3.5,3.5
AMBMGRM-01Y,04-Jan-2011,08:11:59,04-Jan-2011,16:11:59,3.4,3.5,2.15,CNSB 2.15 12-Dec,0,CND1000016Q3,3.4,3.5
AMBMGRM-01Y,04-Jan-2011,08:11:59,04-Jan-2011,16:11:59,3.4,3.5,2.15,CNSB 2.15 12-Dec,0,CND1000016Q3,3.4,3.5
AMBMGRM-01Y,05-Jan-2011,03:49:15,05-Jan-2011,11:49:15,3.4,3.5,2.15,CNSB 2.15 12-Dec,0,CND1000016Q3,3.4,3.5
AMBMGRM-01Y,05-Jan-2011,03:49:16,05-Jan-2011,11:49:16,3.4,3.5,2.15,CNSB 2.15 12-Dec,0,CND1000016Q3,3.4,3.5
AMBMGRM-01Y,05-Jan-2011,03:49:16,05-Jan-2011,11:49:16,3.4,3.5,2.15,CNSB 2.15 12-Dec,0,CND1000016Q3,3.4,3.5
AMBMGRM-01Y,05-Jan-2011,03:49:16,05-Jan-2011,11:49:16,3.4,3.5,2.15,CNSB 2.15 12-Dec,0,CND1000016Q3,3.4,3.5
AMBMGRM-01Y,05-Jan-2011,03:49:16,05-Jan-2011,11:49:16,3.4,3.5,2.15,CNSB 2.15 12-Dec,0,CND1000016Q3,3.4,3.5
AMBMGRM-01Y,05-Jan-2011,03:49:16,05-Jan-2011,11:49:16,3.4,3.5,2.15,CNSB 2.15 12-Dec,0,CND1000016Q3,3.4,3.5
AMBMGRM-01Y,05-Jan-2011,03:49:16,05-Jan-2011,11:49:16,3.4,3.5,2.15,CNSB 2.15 12-Dec,0,CND1000016Q3,3.4,3.5
AMBMGRM-01Y,05-Jan-2011,03:49:16,05-Jan-2011,11:49:16,3.4,3.5,2.15,CNSB 2.15 12-Dec,0,CND1000016Q3,3.4,3.5
AMBMGRM-01Y,05-Jan-2011,03:50:05,05-Jan-2011,11:50:05,3.2,3.3,2.15,CNSB 2.15 12-Dec,0,CND1000016Q3,3.2,3.3
AMBMGRM-01Y,05-Jan-2011,03:50:05,05-Jan-2011,11:50:05,3.2,3.3,2.15,CNSB 2.15 12-Dec,0,CND1000016Q3,3.2,3.3
AMBMGRM-01Y,06-Jan-2011,08:22:03,06-Jan-2011,16:22:03,3.2,3.3,2.15,CNSB 2.15 12-Dec,0,CND1000016Q3,3.2,3.3
AMBMGRM-01Y,06-Jan-2011,08:22:03,06-Jan-2011,16:22:03,3.2,3.3,2.15,CNSB 2.15 12-Dec,0,CND1000016Q3,3.2,3.3
AMBMGRM-01Y,06-Jan-2011,08:22:03,06-Jan-2011,16:22:03,3.2,3.3,2.15,CNSB 2.15 12-Dec,0,CND1000016Q3,3.2,3.3
AMBMGRM-01Y,06-Jan-2011,08:22:03,06-Jan-2011,16:22:03,3.2,3.3,2.15,CNSB 2.15 12-Dec,0,CND1000016Q3,3.2,3.3
AMBMGRM-01Y,06-Jan-2011,08:22:03,06-Jan-2011,16:22:03,3.2,3.3,2.15,CNSB 2.15 12-Dec,0,CND1000016Q3,3.2,3.3
AMBMGRM-01Y,06-Jan-2011,08:22:03,06-Jan-2011,16:22:03,3.2,3.3,2.15,CNSB 2.15 12-Dec,0,CND1000016Q3,3.2,3.3
AMBMGRM-01Y,06-Jan-2011,08:22:03,06-Jan-2011,16:22:03,3.2,3.3,2.15,CNSB 2.15 12-Dec,0,CND1000016Q3,3.2,3.3
AMBMGRM-01Y,06-Jan-2011,08:22:03,06-Jan-2011,16:22:03,3.2,3.3,2.15,CNSB 2.15 12-Dec,0,CND1000016Q3,3.2,3.3
AMBMGRM-01Y,06-Jan-2011,18:01:03,07-Jan-2011,02:01:03,3.2,3.3,2.15,CNSB 2.15 12-Dec,0,CND1000016Q3,3.2,3.3
AMBMGRM-01Y,07-Jan-2011,07:43:48,07-Jan-2011,15:43:48,3.2,3.3,2.15,CNSB 2.15 12-Dec,0,CND1000016Q3,3.2,3.3
AMBMGRM-01Y,07-Jan-2011,07:43:48,07-Jan-2011,15:43:48,3.2,3.3,2.15,CNSB 2.15 12-Dec,0,CND1000016Q3,3.2,3.3
AMBMGRM-01Y,07-Jan-2011,07:43:48,07-Jan-2011,15:43:48,3.2,3.3,2.15,CNSB 2.15 12-Dec,0,CND1000016Q3,3.2,3.3
AMBMGRM-01Y,07-Jan-2011,07:43:48,07-Jan-2011,15:43:48,3.2,3.3,2.15,CNSB 2.15 12-Dec,0,CND1000016Q3,3.2,3.3
AMBMGRM-01Y,07-Jan-2011,07:43:48,07-Jan-2011,15:43:48,3.2,3.3,2.15,CNSB 2.15 12-Dec,0,CND1000016Q3,3.2,3.3
AMBMGRM-01Y,07-Jan-2011,07:43:48,07-Jan-2011,15:43:48,3.2,3.3,2.15,CNSB 2.15 12-Dec,0,CND1000016Q3,3.2,3.3
AMBMGRM-01Y,07-Jan-2011,07:43:48,07-Jan-2011,15:43:48,3.2,3.3,2.15,CNSB 2.15 12-Dec,0,CND1000016Q3,3.2,3.3
AMBMGRM-01Y,07-Jan-2011,07:43:48,07-Jan-2011,15:43:48,3.2,3.3,2.15,CNSB 2.15 12-Dec,0,CND1000016Q3,3.2,3.3
AMBMGRM-01Y,07-Jan-2011,07:45:08,07-Jan-2011,15:45:08,3.2,3.2,2.15,CNSB 2.15 12-Dec,0,CND1000016Q3,3.2,3.2
AMBMGRM-01Y,07-Jan-2011,07:45:08,07-Jan-2011,15:45:08,3.2,3.2,2.15,CNSB 2.15 12-Dec,0,CND1000016Q3,3.2,3.2
AMBMGRM-01Y,07-Jan-2011,07:45:10,07-Jan-2011,15:45:10,3.1,3.2,2.15,CNSB 2.15 12-Dec,0,CND1000016Q3,3.1,3.2
AMBMGRM-01Y,07-Jan-2011,07:45:10,07-Jan-2011,15:45:10,3.1,3.2,2.15,CNSB 2.15 12-Dec,0,CND1000016Q3,3.1,3.2
AMBMGRM-01Y,10-Jan-2011,08:13:26,10-Jan-2011,16:13:26,3.1,3.2,2.15,CNSB 2.15 12-Dec,0,CND1000016Q3,3.1,3.2
AMBMGRM-01Y,10-Jan-2011,08:13:26,10-Jan-2011,16:13:26,3.1,3.2,3.2,CNSB 2.15 12-Dec,0,CND1000016Q3,3.1,3.2
AMBMGRM-01Y,10-Jan-2011,08:13:26,10-Jan-2011,16:13:26,3.1,3.2,3.2,CNSB 2.15 12-Dec,0,CND100003D61,3.1,3.2
AMBMGRM-01Y,10-Jan-2011,08:13:26,10-Jan-2011,16:13:26,3.1,3.2,3.2,CNSB 3.20 20-Dec,0,CND100003D61,3.1,3.2
AMBMGRM-01Y,10-Jan-2011,08:13:26,10-Jan-2011,16:13:26,3.1,3.2,3.2,CNSB 3.20 20-Dec,0,CND100003D61,3.1,3.2
AMBMGRM-01Y,10-Jan-2011,08:13:26,10-Jan-2011,16:13:26,3.1,3.2,3.2,CNSB 3.20 20-Dec,0,CND100003D61,3.1,3.2
AMBMGRM-01Y,10-Jan-2011,08:13:26,10-Jan-2011,16:13:26,3.1,3.2,3.2,CNSB 3.20 20-Dec,0,CND100003D61,3.1,3.2
AMBMGRM-01Y,10-Jan-2011,08:13:27,10-Jan-2011,16:13:27,3.1,3.2,3.2,CNSB 3.20 20-Dec,0,CND100003D61,3.1,3.2
AMBMGRM-01Y,10-Jan-2011,08:18:42,10-Jan-2011,16:18:42,3.1,3.3,3.2,CNSB 3.20 20-Dec,0,CND100003D61,3.1,3.3
AMBMGRM-01Y,10-Jan-2011,08:18:42,10-Jan-2011,16:18:42,3.1,3.3,3.2,CNSB 3.20 20-Dec,0,CND100003D61,3.1,3.3
AMBMGRM-01Y,10-Jan-2011,08:18:44,10-Jan-2011,16:18:44,3.2,3.3,3.2,CNSB 3.20 20-Dec,0,CND100003D61,3.2,3.3
AMBMGRM-01Y,10-Jan-2011,08:18:44,10-Jan-2011,16:18:44,3.2,3.3,3.2,CNSB 3.20 20-Dec,0,CND100003D61,3.2,3.3
AMBMGRM-01Y,11-Jan-2011,01:53:04,11-Jan-2011,09:53:04,3.2,3.3,3.2,CNSB 3.20 20-Dec,0,CND100003D61,3.2,3.3
AMBMGRM-01Y,11-Jan-2011,08:09:44,11-Jan-2011,16:09:44,3.2,3.3,3.2,CNSB 3.20 20-Dec,0,CND100003D61,3.2,3.3
AMBMGRM-01Y,11-Jan-2011,08:09:44,11-Jan-2011,16:09:44,3.2,3.3,3.2,CNSB 3.20 20-Dec,0,CND100003D61,3.2,3.3
AMBMGRM-01Y,11-Jan-2011,08:09:44,11-Jan-2011,16:09:44,3.2,3.3,3.2,CNSB 3.20 20-Dec,0,CND100003D61,3.2,3.3
AMBMGRM-01Y,11-Jan-2011,08:09:44,11-Jan-2011,16:09:44,3.2,3.3,3.2,CNSB 3.20 20-Dec,0,CND100003D61,3.2,3.3
AMBMGRM-01Y,11-Jan-2011,08:09:44,11-Jan-2011,16:09:44,3.2,3.3,3.2,CNSB 3.20 20-Dec,0,CND100003D61,3.2,3.3
AMBMGRM-01Y,11-Jan-2011,08:09:44,11-Jan-2011,16:09:44,3.2,3.3,3.2,CNSB 3.20 20-Dec,0,CND100003D61,3.2,3.3
AMBMGRM-01Y,11-Jan-2011,08:09:44,11-Jan-2011,16:09:44,3.2,3.3,3.2,CNSB 3.20 20-Dec,0,CND100003D61,3.2,3.3
AMBMGRM-01Y,11-Jan-2011,08:09:45,11-Jan-2011,16:09:45,3.2,3.3,3.2,CNSB 3.20 20-Dec,0,CND100003D61,3.2,3.3
AMBMGRM-01Y,12-Jan-2011,04:28:38,12-Jan-2011,12:28:38,3.2,3.3,3.2,CNSB 3.20 20-Dec,0,CND100003D61,3.2,3.3
AMBMGRM-01Y,12-Jan-2011,08:56:24,12-Jan-2011,16:56:24,3.2,3.3,3.2,CNSB 3.20 20-Dec,0,CND100003D61,3.2,3.3
AMBMGRM-01Y,12-Jan-2011,08:56:24,12-Jan-2011,16:56:24,3.2,3.3,3.2,CNSB 3.20 20-Dec,0,CND100003D61,3.2,3.3
AMBMGRM-01Y,12-Jan-2011,08:56:24,12-Jan-2011,16:56:24,3.2,3.3,3.2,CNSB 3.20 20-Dec,0,CND100003D61,3.2,3.3
AMBMGRM-01Y,12-Jan-2011,08:56:24,12-Jan-2011,16:56:24,3.2,3.3,3.2,CNSB 3.20 20-Dec,0,CND100003D61,3.2,3.3
AMBMGRM-01Y,12-Jan-2011,08:56:24,12-Jan-2011,16:56:24,3.2,3.3,3.2,CNSB 3.20 20-Dec,0,CND100003D61,3.2,3.3
AMBMGRM-01Y,12-Jan-2011,08:56:24,12-Jan-2011,16:56:24,3.2,3.3,3.2,CNSB 3.20 20-Dec,0,CND100003D61,3.2,3.3
AMBMGRM-01Y,12-Jan-2011,08:56:24,12-Jan-2011,16:56:24,3.2,3.3,3.2,CNSB 3.20 20-Dec,0,CND100003D61,3.2,3.3
AMBMGRM-01Y,12-Jan-2011,08:56:24,12-Jan-2011,16:56:24,3.2,3.3,3.2,CNSB 3.20 20-Dec,0,CND100003D61,3.2,3.3
AMBMGRM-01Y,13-Jan-2011,08:03:31,13-Jan-2011,16:03:31,3.2,3.3,3.2,CNSB 3.20 20-Dec,0,CND100003D61,3.2,3.3
AMBMGRM-01Y,13-Jan-2011,08:03:31,13-Jan-2011,16:03:31,3.2,3.3,3.2,CNSB 3.20 20-Dec,0,CND100003D61,3.2,3.3
AMBMGRM-01Y,13-Jan-2011,08:03:32,13-Jan-2011,16:03:32,3.2,3.3,3.2,CNSB 3.20 20-Dec,0,CND100003D61,3.2,3.3
AMBMGRM-01Y,13-Jan-2011,08:03:32,13-Jan-2011,16:03:32,3.2,3.3,3.2,CNSB 3.20 20-Dec,0,CND100003D61,3.2,3.3
AMBMGRM-01Y,13-Jan-2011,08:03:32,13-Jan-2011,16:03:32,3.2,3.3,3.2,CNSB 3.20 20-Dec,0,CND100003D61,3.2,3.3
AMBMGRM-01Y,13-Jan-2011,08:03:32,13-Jan-2011,16:03:32,3.2,3.3,3.2,CNSB 3.20 20-Dec,0,CND100003D61,3.2,3.3
AMBMGRM-01Y,13-Jan-2011,08:03:32,13-Jan-2011,16:03:32,3.2,3.3,3.2,CNSB 3.20 20-Dec,0,CND100003D61,3.2,3.3
AMBMGRM-01Y,13-Jan-2011,18:00:45,14-Jan-2011,02:00:45,3.2,3.3,3.2,CNSB 3.20 20-Dec,0,CND100003D61,3.2,3.3
AMBMGRM-01Y,14-Jan-2011,05:02:12,14-Jan-2011,13:02:12,3.2,3.3,3.2,CNSB 3.20 20-Dec,0,CND100003D61,3.2,3.3
AMBMGRM-01Y,14-Jan-2011,09:16:33,14-Jan-2011,17:16:33,3.2,3.3,3.2,CNSB 3.20 20-Dec,0,CND100003D61,3.2,3.3
AMBMGRM-01Y,14-Jan-2011,09:16:33,14-Jan-2011,17:16:33,3.2,3.3,3.2,CNSB 3.20 20-Dec,0,CND100003D61,3.2,3.3
AMBMGRM-01Y,14-Jan-2011,09:16:34,14-Jan-2011,17:16:34,3.2,3.3,3.2,CNSB 3.20 20-Dec,0,CND100003D61,3.2,3.3
AMBMGRM-01Y,14-Jan-2011,09:16:34,14-Jan-2011,17:16:34,3.2,3.3,3.2,CNSB 3.20 20-Dec,0,CND100003D61,3.2,3.3
AMBMGRM-01Y,14-Jan-2011,09:16:34,14-Jan-2011,17:16:34,3.2,3.3,3.2,CNSB 3.20 20-Dec,0,CND100003D61,3.2,3.3
AMBMGRM-01Y,14-Jan-2011,09:16:34,14-Jan-2011,17:16:34,3.2,3.3,3.2,CNSB 3.20 20-Dec,0,CND100003D61,3.2,3.3
AMBMGRM-01Y,14-Jan-2011,09:16:34,14-Jan-2011,17:16:34,3.2,3.3,3.2,CNSB 3.20 20-Dec,0,CND100003D61,3.2,3.3
AMBMGRM-01Y,14-Jan-2011,09:16:34,14-Jan-2011,17:16:34,3.2,3.3,3.2,CNSB 3.20 20-Dec,0,CND100003D61,3.2,3.3
AMBMGRM-01Y,14-Jan-2011,14:35:21,14-Jan-2011,22:35:21,3.2,3.3,3.2,CNSB 3.20 20-Dec,0,CND100003D61,3.2,3.3
AMBMGRM-01Y,16-Jan-2011,22:54:35,17-Jan-2011,06:54:35,3.2,3.3,3.2,CNSB 3.20 20-Dec,0,CND100003D61,3.2,3.3
AMBMGRM-01Y,17-Jan-2011,01:25:51,17-Jan-2011,09:25:51,3.2,3.3,3.2,CNSB 3.20 20-Dec,0,CND100003D61,3.2,3.3
AMBMGRM-01Y,17-Jan-2011,03:25:16,17-Jan-2011,11:25:16,3.2,3.3,3.2,CNSB 3.20 20-Dec,0,CND100003D61,3.2,3.3
AMBMGRM-01Y,17-Jan-2011,05:10:37,17-Jan-2011,13:10:37,3.2,3.3,3.2,CNSB 3.20 20-Dec,0,CND100003D61,3.2,3.3
AMBMGRM-01Y,17-Jan-2011,08:55:04,17-Jan-2011,16:55:04,3.2,3.3,3.2,CNSB 3.20 20-Dec,0,CND100003D61,3.2,3.3
AMBMGRM-01Y,17-Jan-2011,08:55:04,17-Jan-2011,16:55:04,3.2,3.3,3.2,CNSB 3.20 20-Dec,0,CND100003D61,3.2,3.3
AMBMGRM-01Y,17-Jan-2011,08:55:04,17-Jan-2011,16:55:04,3.2,3.3,3.2,CNSB 3.20 20-Dec,0,CND100003D61,3.2,3.3
AMBMGRM-01Y,17-Jan-2011,08:55:04,17-Jan-2011,16:55:04,3.2,3.3,3.2,CNSB 3.20 20-Dec,0,CND100003D61,3.2,3.3
AMBMGRM-01Y,17-Jan-2011,08:55:04,17-Jan-2011,16:55:04,3.2,3.3,3.2,CNSB 3.20 20-Dec,0,CND100003D61,3.2,3.3
AMBMGRM-01Y,17-Jan-2011,08:55:04,17-Jan-2011,16:55:04,3.2,3.3,3.2,CNSB 3.20 20-Dec,0,CND100003D61,3.2,3.3
AMBMGRM-01Y,17-Jan-2011,08:55:04,17-Jan-2011,16:55:04,3.2,3.3,3.2,CNSB 3.20 20-Dec,0,CND100003D61,3.2,3.3
AMBMGRM-01Y,17-Jan-2011,08:55:04,17-Jan-2011,16:55:04,3.2,3.3,3.2,CNSB 3.20 20-Dec,0,CND100003D61,3.2,3.3
AMBMGRM-01Y,17-Jan-2011,08:56:58,17-Jan-2011,16:56:58,3.2,3.35,3.2,CNSB 3.20 20-Dec,0,CND100003D61,3.2,3.35
AMBMGRM-01Y,17-Jan-2011,08:56:58,17-Jan-2011,16:56:58,3.2,3.35,3.2,CNSB 3.20 20-Dec,0,CND100003D61,3.2,3.35
AMBMGRM-01Y,17-Jan-2011,08:56:59,17-Jan-2011,16:56:59,3.25,3.35,3.2,CNSB 3.20 20-Dec,0,CND100003D61,3.25,3.35
AMBMGRM-01Y,17-Jan-2011,08:57:00,17-Jan-2011,16:57:00,3.25,3.35,3.2,CNSB 3.20 20-Dec,0,CND100003D61,3.25,3.35
AMBMGRM-01Y,17-Jan-2011,08:59:42,17-Jan-2011,16:59:42,3.25,3.35,3.2,CNSB 3.20 20-Dec,0,CND100003D61,3.25,3.35
AMBMGRM-01Y,17-Jan-2011,08:59:42,17-Jan-2011,16:59:42,3.25,3.35,0.0,CNSB 3.20 20-Dec,0,CND100003D61,3.25,3.35
AMBMGRM-01Y,18-Jan-2011,16:54:59,19-Jan-2011,00:54:59,3.25,3.35,3.2,CNSB  ,0,CND100003D61,3.25,3.35
AMBMGRM-01Y,18-Jan-2011,16:54:59,19-Jan-2011,00:54:59,3.25,3.35,3.2,CNSB 3.20 20-Dec,0,CND100003D61,3.25,3.35
AMBMGRM-01Y,19-Jan-2011,06:51:58,19-Jan-2011,14:51:58,3.25,3.35,3.2,CNSB 3.20 20-Dec,0,CND100003D61,3.25,3.35
AMBMGRM-01Y,19-Jan-2011,06:51:58,19-Jan-2011,14:51:58,3.25,3.35,0.0,CNSB 3.20 20-Dec,0,CND100003D61,3.25,3.35
AMBMGRM-01Y,19-Jan-2011,09:36:00,19-Jan-2011,17:36:00,3.31,3.41,3.2,CNSB  ,0,CND100003D61,3.31,3.41
AMBMGRM-01Y,19-Jan-2011,09:36:00,19-Jan-2011,17:36:00,3.31,3.41,3.2,CNSB 3.20 20-Dec,0,CND100003D61,3.31,3.41
AMBMGRM-01Y,19-Jan-2011,09:36:00,19-Jan-2011,17:36:00,3.31,3.41,3.2,CNSB 3.20 20-Dec,0,CND100003D61,3.31,3.41
AMBMGRM-01Y,19-Jan-2011,09:36:00,19-Jan-2011,17:36:00,3.31,3.41,3.2,CNSB 3.20 20-Dec,0,CND100003D61,3.31,3.41
AMBMGRM-01Y,19-Jan-2011,09:36:00,19-Jan-2011,17:36:00,3.31,3.41,3.2,CNSB 3.20 20-Dec,0,CND100003D61,3.31,3.41
AMBMGRM-01Y,19-Jan-2011,09:36:00,19-Jan-2011,17:36:00,3.31,3.41,3.2,CNSB 3.20 20-Dec,0,CND100003D61,3.31,3.41
AMBMGRM-01Y,19-Jan-2011,09:37:51,19-Jan-2011,17:37:51,3.31,3.41,3.2,CNSB 3.20 20-Dec,0,CND100003D61,3.31,3.41
AMBMGRM-01Y,19-Jan-2011,09:37:51,19-Jan-2011,17:37:51,3.31,3.41,3.2,CNSB 3.20 20-Dec,0,CND100003D61,3.31,3.41
AMBMGRM-01Y,19-Jan-2011,09:38:03,19-Jan-2011,17:38:03,3.31,3.41,3.2,CNSB 3.20 20-Dec,0,CND100003D61,3.31,3.41
AMBMGRM-01Y,19-Jan-2011,09:38:03,19-Jan-2011,17:38:03,3.31,3.41,3.2,CNSB 3.20 20-Dec,0,CND100003D61,3.31,3.41
AMBMGRM-01Y,19-Jan-2011,09:41:47,19-Jan-2011,17:41:47,3.31,3.41,3.2,CNSB 3.20 20-Dec,0,CND100003D61,3.31,3.41
AMBMGRM-01Y,19-Jan-2011,09:41:47,19-Jan-2011,17:41:47,3.31,3.41,3.2,CNSB 3.20 20-Dec,0,CND100003D61,3.31,3.41
AMBMGRM-01Y,19-Jan-2011,09:41:47,19-Jan-2011,17:41:47,3.31,3.41,3.2,CNSB 3.20 20-Dec,0,CND100003D61,3.31,3.41
AMBMGRM-01Y,19-Jan-2011,09:41:47,19-Jan-2011,17:41:47,3.31,3.41,3.2,CNSB 3.20 20-Dec,0,CND100003D61,3.31,3.41
AMBMGRM-01Y,19-Jan-2011,09:41:47,19-Jan-2011,17:41:47,3.31,3.41,3.2,CNSB 3.20 20-Dec,0,CND100003D61,3.31,3.41
AMBMGRM-01Y,19-Jan-2011,09:41:47,19-Jan-2011,17:41:47,3.31,3.41,3.2,CNSB 3.20 20-Dec,0,CND100003D61,3.31,3.41
AMBMGRM-01Y,19-Jan-2011,09:41:47,19-Jan-2011,17:41:47,3.31,3.41,3.2,CNSB 3.20 20-Dec,0,CND100003D61,3.31,3.41
AMBMGRM-01Y,19-Jan-2011,09:41:47,19-Jan-2011,17:41:47,3.31,3.41,3.2,CNSB 3.20 20-Dec,0,CND100003D61,3.31,3.41
AMBMGRM-01Y,19-Jan-2011,09:42:32,19-Jan-2011,17:42:32,3.31,3.41,3.2,CNSB 3.20 20-Dec,0,CND100003D61,3.31,3.41
AMBMGRM-01Y,19-Jan-2011,09:42:32,19-Jan-2011,17:42:32,3.31,3.41,3.2,CNSB 3.20 20-Dec,0,CND100003D61,3.31,3.41
AMBMGRM-01Y,19-Jan-2011,09:42:39,19-Jan-2011,17:42:39,3.31,3.41,3.2,CNSB 3.20 20-Dec,0,CND100003D61,3.31,3.41
AMBMGRM-01Y,19-Jan-2011,09:42:39,19-Jan-2011,17:42:39,3.31,3.41,3.2,CNSB 3.20 20-Dec,0,CND100003D61,3.31,3.41
AMBMGRM-01Y,19-Jan-2011,09:46:01,19-Jan-2011,17:46:01,3.31,3.41,3.2,CNSB 3.20 20-Dec,0,CND100003D61,3.31,3.41
AMBMGRM-01Y,19-Jan-2011,09:46:01,19-Jan-2011,17:46:01,3.31,3.41,3.2,CNSB 3.20 20-Dec,0,CND100003D61,3.31,3.41
AMBMGRM-01Y,19-Jan-2011,09:46:09,19-Jan-2011,17:46:09,3.31,3.41,3.2,CNSB 3.20 20-Dec,0,CND100003D61,3.31,3.41
AMBMGRM-01Y,19-Jan-2011,09:46:09,19-Jan-2011,17:46:09,3.31,3.41,3.2,CNSB 3.20 20-Dec,0,CND100003D61,3.31,3.41
AMBMGRM-01Y,20-Jan-2011,01:37:43,20-Jan-2011,09:37:43,3.31,3.41,3.2,CNSB 3.20 20-Dec,0,CND100003D61,3.31,3.41
AMBMGRM-01Y,20-Jan-2011,08:57:18,20-Jan-2011,16:57:18,3.31,3.41,3.2,CNSB 3.20 20-Dec,0,CND100003D61,3.31,3.41
AMBMGRM-01Y,20-Jan-2011,08:57:18,20-Jan-2011,16:57:18,3.31,3.41,3.2,CNSB 3.20 20-Dec,0,CND100003D61,3.31,3.41
AMBMGRM-01Y,20-Jan-2011,08:57:18,20-Jan-2011,16:57:18,3.31,3.41,3.2,CNSB 3.20 20-Dec,0,CND100003D61,3.31,3.41
AMBMGRM-01Y,20-Jan-2011,08:57:18,20-Jan-2011,16:57:18,3.31,3.41,3.2,CNSB 3.20 20-Dec,0,CND100003D61,3.31,3.41
AMBMGRM-01Y,20-Jan-2011,08:57:18,20-Jan-2011,16:57:18,3.31,3.41,3.2,CNSB 3.20 20-Dec,0,CND100003D61,3.31,3.41
AMBMGRM-01Y,20-Jan-2011,08:57:18,20-Jan-2011,16:57:18,3.31,3.41,3.2,CNSB 3.20 20-Dec,0,CND100003D61,3.31,3.41
AMBMGRM-01Y,20-Jan-2011,08:57:18,20-Jan-2011,16:57:18,3.31,3.41,3.2,CNSB 3.20 20-Dec,0,CND100003D61,3.31,3.41
AMBMGRM-01Y,20-Jan-2011,08:57:18,20-Jan-2011,16:57:18,3.31,3.41,3.2,CNSB 3.20 20-Dec,0,CND100003D61,3.31,3.41
AMBMGRM-01Y,20-Jan-2011,08:58:36,20-Jan-2011,16:58:36,3.31,3.46,3.2,CNSB 3.20 20-Dec,0,CND100003D61,3.31,3.46
AMBMGRM-01Y,20-Jan-2011,08:58:36,20-Jan-2011,16:58:36,3.31,3.46,3.2,CNSB 3.20 20-Dec,0,CND100003D61,3.31,3.46
AMBMGRM-01Y,20-Jan-2011,08:58:50,20-Jan-2011,16:58:50,3.36,3.46,3.2,CNSB 3.20 20-Dec,0,CND100003D61,3.36,3.46
AMBMGRM-01Y,20-Jan-2011,08:58:50,20-Jan-2011,16:58:50,3.36,3.46,3.2,CNSB 3.20 20-Dec,0,CND100003D61,3.36,3.46
AMBMGRM-01Y,20-Jan-2011,18:00:40,21-Jan-2011,02:00:40,3.36,3.46,3.2,CNSB 3.20 20-Dec,0,CND100003D61,3.36,3.46
AMBMGRM-01Y,21-Jan-2011,08:51:17,21-Jan-2011,16:51:17,3.36,3.46,3.2,CNSB 3.20 20-Dec,0,CND100003D61,3.36,3.46
AMBMGRM-01Y,21-Jan-2011,08:51:17,21-Jan-2011,16:51:17,3.36,3.46,3.2,CNSB 3.20 20-Dec,0,CND100003D61,3.36,3.46
AMBMGRM-01Y,21-Jan-2011,08:51:17,21-Jan-2011,16:51:17,3.36,3.46,3.2,CNSB 3.20 20-Dec,0,CND100003D61,3.36,3.46
AMBMGRM-01Y,21-Jan-2011,08:51:17,21-Jan-2011,16:51:17,3.36,3.46,3.2,CNSB 3.20 20-Dec,0,CND100003D61,3.36,3.46
AMBMGRM-01Y,21-Jan-2011,08:51:17,21-Jan-2011,16:51:17,3.36,3.46,3.2,CNSB 3.20 20-Dec,0,CND100003D61,3.36,3.46
AMBMGRM-01Y,21-Jan-2011,08:51:17,21-Jan-2011,16:51:17,3.36,3.46,3.2,CNSB 3.20 20-Dec,0,CND100003D61,3.36,3.46
AMBMGRM-01Y,21-Jan-2011,08:51:17,21-Jan-2011,16:51:17,3.36,3.46,3.2,CNSB 3.20 20-Dec,0,CND100003D61,3.36,3.46
AMBMGRM-01Y,21-Jan-2011,08:51:17,21-Jan-2011,16:51:17,3.36,3.46,3.2,CNSB 3.20 20-Dec,0,CND100003D61,3.36,3.46
AMBMGRM-01Y,21-Jan-2011,08:52:49,21-Jan-2011,16:52:49,3.36,3.5,3.2,CNSB 3.20 20-Dec,0,CND100003D61,3.36,3.5
AMBMGRM-01Y,21-Jan-2011,08:52:49,21-Jan-2011,16:52:49,3.36,3.5,3.2,CNSB 3.20 20-Dec,0,CND100003D61,3.36,3.5
AMBMGRM-01Y,21-Jan-2011,08:53:02,21-Jan-2011,16:53:02,3.4,3.5,3.2,CNSB 3.20 20-Dec,0,CND100003D61,3.4,3.5
AMBMGRM-01Y,21-Jan-2011,08:53:02,21-Jan-2011,16:53:02,3.4,3.5,3.2,CNSB 3.20 20-Dec,0,CND100003D61,3.4,3.5
AMBMGRM-01Y,24-Jan-2011,09:21:19,24-Jan-2011,17:21:19,3.4,3.5,3.2,CNSB 3.20 20-Dec,0,CND100003D61,3.4,3.5
AMBMGRM-01Y,24-Jan-2011,09:21:19,24-Jan-2011,17:21:19,3.4,3.5,3.2,CNSB 3.20 20-Dec,0,CND100003D61,3.4,3.5
AMBMGRM-01Y,24-Jan-2011,09:21:19,24-Jan-2011,17:21:19,3.4,3.5,3.2,CNSB 3.20 20-Dec,0,CND100003D61,3.4,3.5
AMBMGRM-01Y,24-Jan-2011,09:21:19,24-Jan-2011,17:21:19,3.4,3.5,3.2,CNSB 3.20 20-Dec,0,CND100003D61,3.4,3.5
AMBMGRM-01Y,24-Jan-2011,09:21:20,24-Jan-2011,17:21:20,3.4,3.5,3.2,CNSB 3.20 20-Dec,0,CND100003D61,3.4,3.5
AMBMGRM-01Y,24-Jan-2011,09:21:20,24-Jan-2011,17:21:20,3.4,3.5,3.2,CNSB 3.20 20-Dec,0,CND100003D61,3.4,3.5
AMBMGRM-01Y,24-Jan-2011,09:21:20,24-Jan-2011,17:21:20,3.4,3.5,3.2,CNSB 3.20 20-Dec,0,CND100003D61,3.4,3.5
AMBMGRM-01Y,24-Jan-2011,09:21:20,24-Jan-2011,17:21:20,3.4,3.5,3.2,CNSB 3.20 20-Dec,0,CND100003D61,3.4,3.5
AMBMGRM-01Y,24-Jan-2011,09:24:21,24-Jan-2011,17:24:21,3.4,3.65,3.2,CNSB 3.20 20-Dec,0,CND100003D61,3.4,3.65
AMBMGRM-01Y,24-Jan-2011,09:24:21,24-Jan-2011,17:24:21,3.4,3.65,3.2,CNSB 3.20 20-Dec,0,CND100003D61,3.4,3.65
AMBMGRM-01Y,24-Jan-2011,09:27:35,24-Jan-2011,17:27:35,3.55,3.65,3.2,CNSB 3.20 20-Dec,0,CND100003D61,3.55,3.65
AMBMGRM-01Y,24-Jan-2011,09:27:35,24-Jan-2011,17:27:35,3.55,3.65,3.2,CNSB 3.20 20-Dec,0,CND100003D61,3.55,3.65
AMBMGRM-01Y,25-Jan-2011,02:55:44,25-Jan-2011,10:55:44,3.55,3.65,3.2,CNSB 3.20 20-Dec,0,CND100003D61,3.55,3.65
AMBMGRM-01Y,25-Jan-2011,09:06:55,25-Jan-2011,17:06:55,3.55,3.65,3.2,CNSB 3.20 20-Dec,0,CND100003D61,3.55,3.65
AMBMGRM-01Y,25-Jan-2011,09:06:55,25-Jan-2011,17:06:55,3.55,3.65,3.2,CNSB 3.20 20-Dec,0,CND100003D61,3.55,3.65
AMBMGRM-01Y,25-Jan-2011,09:06:56,25-Jan-2011,17:06:56,3.55,3.65,3.2,CNSB 3.20 20-Dec,0,CND100003D61,3.55,3.65
AMBMGRM-01Y,25-Jan-2011,09:06:56,25-Jan-2011,17:06:56,3.55,3.65,3.2,CNSB 3.20 20-Dec,0,CND100003D61,3.55,3.65
AMBMGRM-01Y,25-Jan-2011,09:06:56,25-Jan-2011,17:06:56,3.55,3.65,3.2,CNSB 3.20 20-Dec,0,CND100003D61,3.55,3.65
AMBMGRM-01Y,25-Jan-2011,09:06:56,25-Jan-2011,17:06:56,3.55,3.65,3.2,CNSB 3.20 20-Dec,0,CND100003D61,3.55,3.65
AMBMGRM-01Y,25-Jan-2011,09:06:56,25-Jan-2011,17:06:56,3.55,3.65,3.2,CNSB 3.20 20-Dec,0,CND100003D61,3.55,3.65
AMBMGRM-01Y,25-Jan-2011,09:06:56,25-Jan-2011,17:06:56,3.55,3.65,3.2,CNSB 3.20 20-Dec,0,CND100003D61,3.55,3.65
AMBMGRM-01Y,25-Jan-2011,09:10:18,25-Jan-2011,17:10:18,3.55,3.58,3.2,CNSB 3.20 20-Dec,0,CND100003D61,3.55,3.58
AMBMGRM-01Y,25-Jan-2011,09:10:18,25-Jan-2011,17:10:18,3.55,3.58,3.2,CNSB 3.20 20-Dec,0,CND100003D61,3.55,3.58
AMBMGRM-01Y,25-Jan-2011,09:10:21,25-Jan-2011,17:10:21,3.48,3.58,3.2,CNSB 3.20 20-Dec,0,CND100003D61,3.48,3.58
AMBMGRM-01Y,25-Jan-2011,09:10:21,25-Jan-2011,17:10:21,3.48,3.58,3.2,CNSB 3.20 20-Dec,0,CND100003D61,3.48,3.58
AMBMGRM-01Y,26-Jan-2011,09:00:27,26-Jan-2011,17:00:27,3.48,3.58,3.2,CNSB 3.20 20-Dec,0,CND100003D61,3.48,3.58
AMBMGRM-01Y,26-Jan-2011,09:00:27,26-Jan-2011,17:00:27,3.48,3.58,3.2,CNSB 3.20 20-Dec,0,CND100003D61,3.48,3.58
AMBMGRM-01Y,26-Jan-2011,09:00:27,26-Jan-2011,17:00:27,3.48,3.58,3.2,CNSB 3.20 20-Dec,0,CND100003D61,3.48,3.58
AMBMGRM-01Y,26-Jan-2011,09:00:28,26-Jan-2011,17:00:28,3.48,3.58,3.2,CNSB 3.20 20-Dec,0,CND100003D61,3.48,3.58
AMBMGRM-01Y,26-Jan-2011,09:00:28,26-Jan-2011,17:00:28,3.48,3.58,3.2,CNSB 3.20 20-Dec,0,CND100003D61,3.48,3.58
AMBMGRM-01Y,26-Jan-2011,09:00:28,26-Jan-2011,17:00:28,3.48,3.58,3.2,CNSB 3.20 20-Dec,0,CND100003D61,3.48,3.58
AMBMGRM-01Y,26-Jan-2011,09:00:28,26-Jan-2011,17:00:28,3.48,3.58,3.2,CNSB 3.20 20-Dec,0,CND100003D61,3.48,3.58
AMBMGRM-01Y,26-Jan-2011,09:00:28,26-Jan-2011,17:00:28,3.48,3.58,3.2,CNSB 3.20 20-Dec,0,CND100003D61,3.48,3.58
AMBMGRM-01Y,26-Jan-2011,09:03:34,26-Jan-2011,17:03:34,3.48,3.55,3.2,CNSB 3.20 20-Dec,0,CND100003D61,3.48,3.55
AMBMGRM-01Y,26-Jan-2011,09:03:34,26-Jan-2011,17:03:34,3.48,3.55,3.2,CNSB 3.20 20-Dec,0,CND100003D61,3.48,3.55
AMBMGRM-01Y,26-Jan-2011,09:03:36,26-Jan-2011,17:03:36,3.45,3.55,3.2,CNSB 3.20 20-Dec,0,CND100003D61,3.45,3.55
AMBMGRM-01Y,26-Jan-2011,09:03:36,26-Jan-2011,17:03:36,3.45,3.55,3.2,CNSB 3.20 20-Dec,0,CND100003D61,3.45,3.55
AMBMGRM-01Y,27-Jan-2011,10:44:48,27-Jan-2011,18:44:48,3.45,3.55,3.2,CNSB 3.20 20-Dec,0,CND100003D61,3.45,3.55
AMBMGRM-01Y,27-Jan-2011,10:44:48,27-Jan-2011,18:44:48,3.45,3.55,3.2,CNSB 3.20 20-Dec,0,CND100003D61,3.45,3.55
AMBMGRM-01Y,27-Jan-2011,10:44:48,27-Jan-2011,18:44:48,3.45,3.55,3.2,CNSB 3.20 20-Dec,0,CND100003D61,3.45,3.55
AMBMGRM-01Y,27-Jan-2011,10:44:48,27-Jan-2011,18:44:48,3.45,3.55,3.2,CNSB 3.20 20-Dec,0,CND100003D61,3.45,3.55
AMBMGRM-01Y,27-Jan-2011,10:44:48,27-Jan-2011,18:44:48,3.45,3.55,3.2,CNSB 3.20 20-Dec,0,CND100003D61,3.45,3.55
AMBMGRM-01Y,27-Jan-2011,10:44:48,27-Jan-2011,18:44:48,3.45,3.55,3.2,CNSB 3.20 20-Dec,0,CND100003D61,3.45,3.55
AMBMGRM-01Y,27-Jan-2011,10:44:48,27-Jan-2011,18:44:48,3.45,3.55,3.2,CNSB 3.20 20-Dec,0,CND100003D61,3.45,3.55
AMBMGRM-01Y,27-Jan-2011,10:44:48,27-Jan-2011,18:44:48,3.45,3.55,3.2,CNSB 3.20 20-Dec,0,CND100003D61,3.45,3.55
AMBMGRM-01Y,27-Jan-2011,18:00:41,28-Jan-2011,02:00:41,3.45,3.55,3.2,CNSB 3.20 20-Dec,0,CND100003D61,3.45,3.55
AMBMGRM-01Y,28-Jan-2011,08:33:37,28-Jan-2011,16:33:37,3.45,3.55,3.2,CNSB 3.20 20-Dec,0,CND100003D61,3.45,3.55
AMBMGRM-01Y,28-Jan-2011,08:33:37,28-Jan-2011,16:33:37,3.45,3.55,3.2,CNSB 3.20 20-Dec,0,CND100003D61,3.45,3.55
AMBMGRM-01Y,28-Jan-2011,08:33:37,28-Jan-2011,16:33:37,3.45,3.55,3.2,CNSB 3.20 20-Dec,0,CND100003D61,3.45,3.55
AMBMGRM-01Y,28-Jan-2011,08:33:37,28-Jan-2011,16:33:37,3.45,3.55,3.2,CNSB 3.20 20-Dec,0,CND100003D61,3.45,3.55
AMBMGRM-01Y,28-Jan-2011,08:33:37,28-Jan-2011,16:33:37,3.45,3.55,3.2,CNSB 3.20 20-Dec,0,CND100003D61,3.45,3.55
AMBMGRM-01Y,28-Jan-2011,08:33:37,28-Jan-2011,16:33:37,3.45,3.55,3.2,CNSB 3.20 20-Dec,0,CND100003D61,3.45,3.55
AMBMGRM-01Y,28-Jan-2011,08:33:37,28-Jan-2011,16:33:37,3.45,3.55,3.2,CNSB 3.20 20-Dec,0,CND100003D61,3.45,3.55
AMBMGRM-01Y,28-Jan-2011,08:33:37,28-Jan-2011,16:33:37,3.45,3.55,3.2,CNSB 3.20 20-Dec,0,CND100003D61,3.45,3.55
AMBMGRM-01Y,01-Feb-2011,00:12:12,01-Feb-2011,08:12:12,3.45,3.55,3.2,CNSB 3.20 20-Dec,0,CND100003D61,3.45,3.55
AMBMGRM-01Y,02-Feb-2011,05:52:37,02-Feb-2011,13:52:37,3.45,3.55,3.2,CNSB 3.20 20-Dec,0,CND100003D61,3.45,3.55
AMBMGRM-01Y,09-Feb-2011,08:52:21,09-Feb-2011,16:52:21,3.45,3.55,3.2,CNSB 3.20 20-Dec,0,CND100003D61,3.45,3.55
AMBMGRM-01Y,09-Feb-2011,08:52:21,09-Feb-2011,16:52:21,3.45,3.55,3.2,CNSB 3.20 20-Dec,0,CND100003D61,3.45,3.55
AMBMGRM-01Y,09-Feb-2011,08:52:21,09-Feb-2011,16:52:21,3.45,3.55,3.2,CNSB 3.20 20-Dec,0,CND100003D61,3.45,3.55
AMBMGRM-01Y,09-Feb-2011,08:52:22,09-Feb-2011,16:52:22,3.45,3.55,3.2,CNSB 3.20 20-Dec,0,CND100003D61,3.45,3.55
AMBMGRM-01Y,09-Feb-2011,08:52:22,09-Feb-2011,16:52:22,3.45,3.55,3.2,CNSB 3.20 20-Dec,0,CND100003D61,3.45,3.55
AMBMGRM-01Y,09-Feb-2011,08:52:22,09-Feb-2011,16:52:22,3.45,3.55,3.2,CNSB 3.20 20-Dec,0,CND100003D61,3.45,3.55
AMBMGRM-01Y,09-Feb-2011,08:52:22,09-Feb-2011,16:52:22,3.45,3.55,3.2,CNSB 3.20 20-Dec,0,CND100003D61,3.45,3.55
AMBMGRM-01Y,09-Feb-2011,08:52:22,09-Feb-2011,16:52:22,3.45,3.55,3.2,CNSB 3.20 20-Dec,0,CND100003D61,3.45,3.55
AMBMGRM-01Y,11-Feb-2011,04:40:13,11-Feb-2011,12:40:13,3.5,3.6,3.2,CNSB 3.20 20-Dec,0,CND100003D61,3.5,3.6
AMBMGRM-01Y,11-Feb-2011,04:46:25,11-Feb-2011,12:46:25,3.5,3.6,3.2,CNSB 3.20 20-Dec,0,CND100003D61,3.5,3.6
AMBMGRM-01Y,11-Feb-2011,04:47:49,11-Feb-2011,12:47:49,3.5,3.6,3.2,CNSB 3.20 20-Dec,0,CND100003D61,3.5,3.6
AMBMGRM-01Y,11-Feb-2011,04:58:13,11-Feb-2011,12:58:13,3.5,3.6,3.2,CNSB 3.20 20-Dec,0,CND100003D61,3.5,3.6
AMBMGRM-01Y,11-Feb-2011,04:59:50,11-Feb-2011,12:59:50,3.5,3.6,3.2,CNSB 3.20 20-Dec,0,CND100003D61,3.5,3.6
AMBMGRM-01Y,11-Feb-2011,05:58:25,11-Feb-2011,13:58:25,3.5,3.6,3.2,CNSB 3.20 20-Dec,0,CND100003D61,3.5,3.6
AMBMGRM-01Y,11-Feb-2011,09:16:32,11-Feb-2011,17:16:32,3.5,3.6,3.2,CNSB 3.20 20-Dec,0,CND100003D61,3.5,3.6
AMBMGRM-01Y,11-Feb-2011,09:16:32,11-Feb-2011,17:16:32,3.5,3.6,3.2,CNSB 3.20 20-Dec,0,CND100003D61,3.5,3.6
AMBMGRM-01Y,11-Feb-2011,09:16:32,11-Feb-2011,17:16:32,3.5,3.6,3.2,CNSB 3.20 20-Dec,0,CND100003D61,3.5,3.6
AMBMGRM-01Y,11-Feb-2011,09:16:32,11-Feb-2011,17:16:32,3.5,3.6,3.2,CNSB 3.20 20-Dec,0,CND100003D61,3.5,3.6
AMBMGRM-01Y,11-Feb-2011,09:16:32,11-Feb-2011,17:16:32,3.5,3.6,3.2,CNSB 3.20 20-Dec,0,CND100003D61,3.5,3.6
AMBMGRM-01Y,11-Feb-2011,09:16:32,11-Feb-2011,17:16:32,3.5,3.6,3.2,CNSB 3.20 20-Dec,0,CND100003D61,3.5,3.6
AMBMGRM-01Y,11-Feb-2011,09:16:33,11-Feb-2011,17:16:33,3.5,3.6,3.2,CNSB 3.20 20-Dec,0,CND100003D61,3.5,3.6
AMBMGRM-01Y,11-Feb-2011,09:16:33,11-Feb-2011,17:16:33,3.5,3.6,3.2,CNSB 3.20 20-Dec,0,CND100003D61,3.5,3.6
AMBMGRM-01Y,14-Feb-2011,09:00:01,14-Feb-2011,17:00:01,3.5,3.6,3.2,CNSB 3.20 20-Dec,0,CND100003D61,3.5,3.6
AMBMGRM-01Y,14-Feb-2011,09:00:01,14-Feb-2011,17:00:01,3.5,3.6,3.2,CNSB 3.20 20-Dec,0,CND100003D61,3.5,3.6
AMBMGRM-01Y,14-Feb-2011,09:00:01,14-Feb-2011,17:00:01,3.5,3.6,3.2,CNSB 3.20 20-Dec,0,CND100003D61,3.5,3.6
AMBMGRM-01Y,14-Feb-2011,09:00:02,14-Feb-2011,17:00:02,3.5,3.6,3.2,CNSB 3.20 20-Dec,0,CND100003D61,3.5,3.6
AMBMGRM-01Y,15-Feb-2011,10:05:32,15-Feb-2011,18:05:32,3.5,3.6,3.2,CNSB 3.20 20-Dec,0,CND100003D61,3.5,3.6
AMBMGRM-01Y,15-Feb-2011,10:05:32,15-Feb-2011,18:05:32,3.5,3.6,3.2,CNSB 3.20 20-Dec,0,CND100003D61,3.5,3.6
AMBMGRM-01Y,15-Feb-2011,10:05:32,15-Feb-2011,18:05:32,3.5,3.6,3.2,CNSB 3.20 20-Dec,0,CND100003D61,3.5,3.6
AMBMGRM-01Y,15-Feb-2011,10:05:32,15-Feb-2011,18:05:32,3.5,3.6,3.2,CNSB 3.20 20-Dec,0,CND100003D61,3.5,3.6
AMBMGRM-01Y,15-Feb-2011,14:53:12,15-Feb-2011,22:53:12,3.5,3.6,3.2,CNSB 3.20 20-Dec,0,CND100003D61,3.5,3.6
AMBMGRM-01Y,16-Feb-2011,00:53:34,16-Feb-2011,08:53:34,3.5,3.6,3.2,CNSB 3.20 20-Dec,0,CND100003D61,3.5,3.6
AMBMGRM-01Y,16-Feb-2011,01:20:35,16-Feb-2011,09:20:35,3.5,3.6,3.2,CNSB 3.20 20-Dec,0,CND100003D61,3.5,3.6
AMBMGRM-01Y,16-Feb-2011,01:20:35,16-Feb-2011,09:20:35,3.5,3.6,3.2,CNSB 3.20 20-Dec,0,CND100003D61,3.5,3.6
AMBMGRM-01Y,16-Feb-2011,01:20:35,16-Feb-2011,09:20:35,3.5,3.6,3.2,CNSB 3.20 20-Dec,0,CND100003D61,3.5,3.6
AMBMGRM-01Y,16-Feb-2011,01:20:35,16-Feb-2011,09:20:35,3.5,3.6,3.2,CNSB 3.20 20-Dec,0,CND100003D61,3.5,3.6
AMBMGRM-01Y,16-Feb-2011,02:12:11,16-Feb-2011,10:12:11,3.5,3.6,3.2,CNSB 3.20 20-Dec,0,CND100003D61,3.5,3.6
AMBMGRM-01Y,16-Feb-2011,09:05:55,16-Feb-2011,17:05:55,3.5,3.6,3.2,CNSB 3.20 20-Dec,0,CND100003D61,3.5,3.6
AMBMGRM-01Y,16-Feb-2011,09:40:54,16-Feb-2011,17:40:54,3.5,3.65,3.2,CNSB 3.20 20-Dec,0,CND100003D61,3.5,3.65
AMBMGRM-01Y,16-Feb-2011,09:40:56,16-Feb-2011,17:40:56,3.55,3.65,3.2,CNSB 3.20 20-Dec,0,CND100003D61,3.55,3.65
AMBMGRM-01Y,17-Feb-2011,18:00:40,18-Feb-2011,02:00:40,3.55,3.65,3.2,CNSB 3.20 20-Dec,0,CND100003D61,3.55,3.65
AMBMGRM-01Y,18-Feb-2011,09:29:02,18-Feb-2011,17:29:02,3.55,3.65,3.2,CNSB 3.20 20-Dec,0,CND100003D61,3.55,3.65
AMBMGRM-01Y,18-Feb-2011,09:29:02,18-Feb-2011,17:29:02,3.55,3.65,3.2,CNSB 3.20 20-Dec,0,CND100003D61,3.55,3.65
AMBMGRM-01Y,18-Feb-2011,09:29:02,18-Feb-2011,17:29:02,3.55,3.65,3.2,CNSB 3.20 20-Dec,0,CND100003D61,3.55,3.65
AMBMGRM-01Y,18-Feb-2011,09:29:02,18-Feb-2011,17:29:02,3.55,3.65,3.2,CNSB 3.20 20-Dec,0,CND100003D61,3.55,3.65
AMBMGRM-01Y,18-Feb-2011,09:33:50,18-Feb-2011,17:33:50,3.55,3.63,3.2,CNSB 3.20 20-Dec,0,CND100003D61,3.55,3.63
AMBMGRM-01Y,18-Feb-2011,09:33:52,18-Feb-2011,17:33:52,3.53,3.63,3.2,CNSB 3.20 20-Dec,0,CND100003D61,3.53,3.63
AMBMGRM-01Y,21-Feb-2011,06:41:19,21-Feb-2011,14:41:19,3.53,3.63,3.2,CNSB 3.20 20-Dec,0,CND100003D61,3.53,3.63
AMBMGRM-01Y,21-Feb-2011,08:35:03,21-Feb-2011,16:35:03,3.53,3.63,3.2,CNSB 3.20 20-Dec,0,CND100003D61,3.53,3.63
AMBMGRM-01Y,21-Feb-2011,08:35:03,21-Feb-2011,16:35:03,3.53,3.63,3.2,CNSB 3.20 20-Dec,0,CND100003D61,3.53,3.63
AMBMGRM-01Y,21-Feb-2011,08:35:03,21-Feb-2011,16:35:03,3.53,3.63,3.2,CNSB 3.20 20-Dec,0,CND100003D61,3.53,3.63
AMBMGRM-01Y,21-Feb-2011,08:35:03,21-Feb-2011,16:35:03,3.53,3.63,3.2,CNSB 3.20 20-Dec,0,CND100003D61,3.53,3.63
AMBMGRM-01Y,21-Feb-2011,08:36:33,21-Feb-2011,16:36:33,3.53,3.65,3.2,CNSB 3.20 20-Dec,0,CND100003D61,3.53,3.65
AMBMGRM-01Y,21-Feb-2011,08:36:35,21-Feb-2011,16:36:35,3.55,3.65,3.2,CNSB 3.20 20-Dec,0,CND100003D61,3.55,3.65
AMBMGRM-01Y,22-Feb-2011,08:42:01,22-Feb-2011,16:42:01,3.55,3.65,3.2,CNSB 3.20 20-Dec,0,CND100003D61,3.55,3.65
AMBMGRM-01Y,22-Feb-2011,08:42:01,22-Feb-2011,16:42:01,3.55,3.65,3.2,CNSB 3.20 20-Dec,0,CND100003D61,3.55,3.65
AMBMGRM-01Y,22-Feb-2011,08:42:01,22-Feb-2011,16:42:01,3.55,3.65,3.2,CNSB 3.20 20-Dec,0,CND100003D61,3.55,3.65
AMBMGRM-01Y,22-Feb-2011,08:42:01,22-Feb-2011,16:42:01,3.55,3.65,3.2,CNSB 3.20 20-Dec,0,CND100003D61,3.55,3.65
AMBMGRM-01Y,22-Feb-2011,08:45:08,22-Feb-2011,16:45:08,3.55,3.67,3.2,CNSB 3.20 20-Dec,0,CND100003D61,3.55,3.67
AMBMGRM-01Y,22-Feb-2011,08:45:10,22-Feb-2011,16:45:10,3.57,3.67,3.2,CNSB 3.20 20-Dec,0,CND100003D61,3.57,3.67
AMBMGRM-01Y,23-Feb-2011,10:21:25,23-Feb-2011,18:21:25,3.57,3.67,3.2,CNSB 3.20 20-Dec,0,CND100003D61,3.57,3.67
AMBMGRM-01Y,23-Feb-2011,10:21:25,23-Feb-2011,18:21:25,3.57,3.67,3.2,CNSB 3.20 20-Dec,0,CND100003D61,3.57,3.67
AMBMGRM-01Y,23-Feb-2011,10:21:25,23-Feb-2011,18:21:25,3.57,3.67,3.2,CNSB 3.20 20-Dec,0,CND100003D61,3.57,3.67
AMBMGRM-01Y,23-Feb-2011,10:21:25,23-Feb-2011,18:21:25,3.57,3.67,3.2,CNSB 3.20 20-Dec,0,CND100003D61,3.57,3.67
AMBMGRM-01Y,23-Feb-2011,23:36:17,24-Feb-2011,07:36:17,3.57,3.67,3.2,CNSB 3.20 20-Dec,0,CND100003D61,3.57,3.67
AMBMGRM-01Y,24-Feb-2011,08:45:03,24-Feb-2011,16:45:03,3.57,3.67,3.2,CNSB 3.20 20-Dec,0,CND100003D61,3.57,3.67
AMBMGRM-01Y,24-Feb-2011,08:45:03,24-Feb-2011,16:45:03,3.57,3.67,3.2,CNSB 3.20 20-Dec,0,CND100003D61,3.57,3.67
AMBMGRM-01Y,24-Feb-2011,08:45:03,24-Feb-2011,16:45:03,3.57,3.67,3.2,CNSB 3.20 20-Dec,0,CND100003D61,3.57,3.67
AMBMGRM-01Y,24-Feb-2011,08:45:03,24-Feb-2011,16:45:03,3.57,3.67,3.2,CNSB 3.20 20-Dec,0,CND100003D61,3.57,3.67
AMBMGRM-01Y,24-Feb-2011,08:48:39,24-Feb-2011,16:48:39,3.57,3.6,3.2,CNSB 3.20 20-Dec,0,CND100003D61,3.57,3.6
AMBMGRM-01Y,24-Feb-2011,08:48:41,24-Feb-2011,16:48:41,3.5,3.6,3.2,CNSB 3.20 20-Dec,0,CND100003D61,3.5,3.6
AMBMGRM-01Y,24-Feb-2011,18:00:37,25-Feb-2011,02:00:37,3.5,3.6,3.2,CNSB 3.20 20-Dec,0,CND100003D61,3.5,3.6
AMBMGRM-01Y,25-Feb-2011,01:13:42,25-Feb-2011,09:13:42,3.5,3.6,3.2,CNSB 3.20 20-Dec,0,CND100003D61,3.5,3.6
AMBMGRM-01Y,25-Feb-2011,01:13:42,25-Feb-2011,09:13:42,3.5,3.6,3.2,CNSB 3.20 20-Dec,0,CND100003D61,3.5,3.6
AMBMGRM-01Y,25-Feb-2011,01:13:42,25-Feb-2011,09:13:42,3.5,3.6,3.2,CNSB 3.20 20-Dec,0,CND100003D61,3.5,3.6
AMBMGRM-01Y,25-Feb-2011,01:13:42,25-Feb-2011,09:13:42,3.5,3.6,3.2,CNSB 3.20 20-Dec,0,CND100003D61,3.5,3.6
AMBMGRM-01Y,25-Feb-2011,08:48:32,25-Feb-2011,16:48:32,3.5,3.6,3.2,CNSB 3.20 20-Dec,0,CND100003D61,3.5,3.6
AMBMGRM-01Y,25-Feb-2011,08:48:32,25-Feb-2011,16:48:32,3.5,3.6,3.2,CNSB 3.20 20-Dec,0,CND100003D61,3.5,3.6
AMBMGRM-01Y,25-Feb-2011,08:48:32,25-Feb-2011,16:48:32,3.5,3.6,3.2,CNSB 3.20 20-Dec,0,CND100003D61,3.5,3.6
AMBMGRM-01Y,25-Feb-2011,08:48:32,25-Feb-2011,16:48:32,3.5,3.6,3.2,CNSB 3.20 20-Dec,0,CND100003D61,3.5,3.6
AMBMGRM-01Y,25-Feb-2011,08:52:21,25-Feb-2011,16:52:21,3.5,3.61,3.2,CNSB 3.20 20-Dec,0,CND100003D61,3.5,3.61
AMBMGRM-01Y,25-Feb-2011,08:52:25,25-Feb-2011,16:52:25,3.51,3.61,3.2,CNSB 3.20 20-Dec,0,CND100003D61,3.51,3.61
AMBMGRM-01Y,25-Feb-2011,09:55:08,25-Feb-2011,17:55:08,3.51,3.61,3.2,CNSB 3.20 20-Dec,0,CND100003D61,3.51,3.61
AMBMGRM-01Y,28-Feb-2011,11:26:46,28-Feb-2011,19:26:46,3.51,3.61,3.2,CNSB 3.20 20-Dec,0,CND100003D61,3.51,3.61
AMBMGRM-01Y,28-Feb-2011,11:26:46,28-Feb-2011,19:26:46,3.51,3.61,0.0,CNSB 3.20 20-Dec,0,CND100003D61,3.51,3.61
AMBMGRM-01Y,28-Feb-2011,11:27:00,28-Feb-2011,19:27:00,3.51,3.61,3.2,CNSB  ,0,CND100003D61,3.51,3.61
AMBMGRM-01Y,28-Feb-2011,11:27:00,28-Feb-2011,19:27:00,3.51,3.61,3.2,CNSB 3.20 20-Dec,0,CND100003D61,3.51,3.61
AMBMGRM-01Y,28-Feb-2011,11:30:11,28-Feb-2011,19:30:11,3.51,3.6,3.2,CNSB 3.20 20-Dec,0,CND100003D61,3.51,3.6
AMBMGRM-01Y,28-Feb-2011,11:30:17,28-Feb-2011,19:30:17,3.5,3.6,3.2,CNSB 3.20 20-Dec,0,CND100003D61,3.5,3.6
AMBMGRM-01Y,01-Mar-2011,09:36:10,01-Mar-2011,17:36:10,3.5,3.6,3.2,CNSB 3.20 20-Dec,0,CND100003D61,3.5,3.6
AMBMGRM-01Y,01-Mar-2011,09:36:52,01-Mar-2011,17:36:52,3.5,3.6,3.2,CNSB 3.20 20-Dec,0,CND100003D61,3.5,3.6
AMBMGRM-01Y,01-Mar-2011,09:36:52,01-Mar-2011,17:36:52,3.5,3.6,3.2,CNSB 3.20 20-Dec,0,CND100003D61,3.5,3.6
AMBMGRM-01Y,01-Mar-2011,09:36:52,01-Mar-2011,17:36:52,3.5,3.6,3.2,CNSB 3.20 20-Dec,0,CND100003D61,3.5,3.6
AMBMGRM-01Y,01-Mar-2011,09:36:52,01-Mar-2011,17:36:52,3.5,3.6,3.2,CNSB 3.20 20-Dec,0,CND100003D61,3.5,3.6
AMBMGRM-01Y,01-Mar-2011,09:38:57,01-Mar-2011,17:38:57,3.5,3.5,3.2,CNSB 3.20 20-Dec,0,CND100003D61,3.5,3.5
AMBMGRM-01Y,01-Mar-2011,09:38:59,01-Mar-2011,17:38:59,3.4,3.5,3.2,CNSB 3.20 20-Dec,0,CND100003D61,3.4,3.5
AMBMGRM-01Y,02-Mar-2011,09:17:39,02-Mar-2011,17:17:39,3.4,3.5,3.2,CNSB 3.20 20-Dec,0,CND100003D61,3.4,3.5
AMBMGRM-01Y,02-Mar-2011,09:17:39,02-Mar-2011,17:17:39,3.4,3.5,3.2,CNSB 3.20 20-Dec,0,CND100003D61,3.4,3.5
AMBMGRM-01Y,02-Mar-2011,09:17:39,02-Mar-2011,17:17:39,3.4,3.5,3.2,CNSB 3.20 20-Dec,0,CND100003D61,3.4,3.5
AMBMGRM-01Y,02-Mar-2011,09:17:40,02-Mar-2011,17:17:40,3.4,3.5,3.2,CNSB 3.20 20-Dec,0,CND100003D61,3.4,3.5
AMBMGRM-01Y,02-Mar-2011,09:19:52,02-Mar-2011,17:19:52,3.4,3.49,3.2,CNSB 3.20 20-Dec,0,CND100003D61,3.4,3.49
AMBMGRM-01Y,02-Mar-2011,09:19:54,02-Mar-2011,17:19:54,3.39,3.49,3.2,CNSB 3.20 20-Dec,0,CND100003D61,3.39,3.49
AMBMGRM-01Y,02-Mar-2011,09:52:10,02-Mar-2011,17:52:10,3.39,3.49,3.2,CNSB 3.20 20-Dec,0,CND100003D61,3.39,3.49
AMBMGRM-01Y,03-Mar-2011,06:12:24,03-Mar-2011,14:12:24,3.39,3.49,3.2,CNSB 3.20 20-Dec,0,CND100003D61,3.39,3.49
AMBMGRM-01Y,03-Mar-2011,08:48:51,03-Mar-2011,16:48:51,3.39,3.49,3.2,CNSB 3.20 20-Dec,0,CND100003D61,3.39,3.49
AMBMGRM-01Y,03-Mar-2011,08:58:12,03-Mar-2011,16:58:12,3.39,3.49,3.2,CNSB 3.20 20-Dec,0,CND100003D61,3.39,3.49
AMBMGRM-01Y,03-Mar-2011,08:58:12,03-Mar-2011,16:58:12,3.39,3.49,3.2,CNSB 3.20 20-Dec,0,CND100003D61,3.39,3.49
AMBMGRM-01Y,03-Mar-2011,08:58:12,03-Mar-2011,16:58:12,3.39,3.49,3.2,CNSB 3.20 20-Dec,0,CND100003D61,3.39,3.49
AMBMGRM-01Y,03-Mar-2011,08:58:12,03-Mar-2011,16:58:12,3.39,3.49,3.2,CNSB 3.20 20-Dec,0,CND100003D61,3.39,3.49
AMBMGRM-01Y,03-Mar-2011,09:01:51,03-Mar-2011,17:01:51,3.2,3.3,3.2,CNSB 3.20 20-Dec,0,CND100003D61,3.2,3.3
AMBMGRM-01Y,03-Mar-2011,18:00:41,04-Mar-2011,02:00:41,3.2,3.3,3.2,CNSB 3.20 20-Dec,0,CND100003D61,3.2,3.3
AMBMGRM-01Y,04-Mar-2011,08:38:49,04-Mar-2011,16:38:49,3.2,3.3,3.2,CNSB 3.20 20-Dec,0,CND100003D61,3.2,3.3
AMBMGRM-01Y,04-Mar-2011,08:38:49,04-Mar-2011,16:38:49,3.2,3.3,3.2,CNSB 3.20 20-Dec,0,CND100003D61,3.2,3.3
AMBMGRM-01Y,04-Mar-2011,08:38:49,04-Mar-2011,16:38:49,3.2,3.3,3.2,CNSB 3.20 20-Dec,0,CND100003D61,3.2,3.3
AMBMGRM-01Y,04-Mar-2011,08:38:50,04-Mar-2011,16:38:50,3.2,3.3,3.2,CNSB 3.20 20-Dec,0,CND100003D61,3.2,3.3
AMBMGRM-01Y,04-Mar-2011,08:40:50,04-Mar-2011,16:40:50,3.2,3.25,3.2,CNSB 3.20 20-Dec,0,CND100003D61,3.2,3.25
AMBMGRM-01Y,04-Mar-2011,08:40:53,04-Mar-2011,16:40:53,3.15,3.25,3.2,CNSB 3.20 20-Dec,0,CND100003D61,3.15,3.25
AMBMGRM-01Y,07-Mar-2011,00:55:24,07-Mar-2011,08:55:24,3.15,3.25,3.2,CNSB 3.20 20-Dec,0,CND100003D61,3.15,3.25
AMBMGRM-01Y,07-Mar-2011,10:59:36,07-Mar-2011,18:59:36,3.15,3.25,3.2,CNSB 3.20 20-Dec,0,CND100003D61,3.15,3.25
AMBMGRM-01Y,07-Mar-2011,10:59:36,07-Mar-2011,18:59:36,3.15,3.25,0.0,CNSB 3.20 20-Dec,0,CND100003D61,3.15,3.25
AMBMGRM-01Y,07-Mar-2011,10:59:40,07-Mar-2011,18:59:40,3.15,3.25,3.2,CNSB  ,0,CND100003D61,3.15,3.25
AMBMGRM-01Y,07-Mar-2011,10:59:40,07-Mar-2011,18:59:40,3.15,3.25,3.2,CNSB 3.20 20-Dec,0,CND100003D61,3.15,3.25
AMBMGRM-01Y,07-Mar-2011,11:01:35,07-Mar-2011,19:01:35,3.15,3.2,3.2,CNSB 3.20 20-Dec,0,CND100003D61,3.15,3.2
AMBMGRM-01Y,07-Mar-2011,11:01:36,07-Mar-2011,19:01:36,3.1,3.2,3.2,CNSB 3.20 20-Dec,0,CND100003D61,3.1,3.2
AMBMGRM-01Y,08-Mar-2011,09:17:04,08-Mar-2011,17:17:04,3.1,3.2,3.2,CNSB 3.20 20-Dec,0,CND100003D61,3.1,3.2
AMBMGRM-01Y,08-Mar-2011,09:17:04,08-Mar-2011,17:17:04,3.1,3.2,3.2,CNSB 3.20 20-Dec,0,CND100003D61,3.1,3.2
AMBMGRM-01Y,08-Mar-2011,09:17:04,08-Mar-2011,17:17:04,3.1,3.2,3.2,CNSB 3.20 20-Dec,0,CND100003D61,3.1,3.2
AMBMGRM-01Y,08-Mar-2011,09:17:04,08-Mar-2011,17:17:04,3.1,3.2,3.2,CNSB 3.20 20-Dec,0,CND100003D61,3.1,3.2
AMBMGRM-01Y,09-Mar-2011,10:34:15,09-Mar-2011,18:34:15,3.1,3.2,3.2,CNSB 3.20 20-Dec,0,CND100003D61,3.1,3.2
AMBMGRM-01Y,09-Mar-2011,10:34:15,09-Mar-2011,18:34:15,3.1,3.2,3.2,CNSB 3.20 20-Dec,0,CND100003D61,3.1,3.2
AMBMGRM-01Y,09-Mar-2011,10:34:15,09-Mar-2011,18:34:15,3.1,3.2,3.2,CNSB 3.20 20-Dec,0,CND100003D61,3.1,3.2
AMBMGRM-01Y,09-Mar-2011,10:34:15,09-Mar-2011,18:34:15,3.1,3.2,3.2,CNSB 3.20 20-Dec,0,CND100003D61,3.1,3.2
AMBMGRM-01Y,10-Mar-2011,08:36:15,10-Mar-2011,16:36:15,3.1,3.2,3.2,CNSB 3.20 20-Dec,0,CND100003D61,3.1,3.2
AMBMGRM-01Y,10-Mar-2011,08:36:15,10-Mar-2011,16:36:15,3.1,3.2,3.2,CNSB 3.20 20-Dec,0,CND100003D61,3.1,3.2
AMBMGRM-01Y,10-Mar-2011,08:36:15,10-Mar-2011,16:36:15,3.1,3.2,3.2,CNSB 3.20 20-Dec,0,CND100003D61,3.1,3.2
AMBMGRM-01Y,10-Mar-2011,08:36:15,10-Mar-2011,16:36:15,3.1,3.2,3.2,CNSB 3.20 20-Dec,0,CND100003D61,3.1,3.2
AMBMGRM-01Y,10-Mar-2011,08:38:02,10-Mar-2011,16:38:02,3.1,3.18,3.2,CNSB 3.20 20-Dec,0,CND100003D61,3.1,3.18
AMBMGRM-01Y,10-Mar-2011,08:38:08,10-Mar-2011,16:38:08,3.08,3.18,3.2,CNSB 3.20 20-Dec,0,CND100003D61,3.08,3.18
AMBMGRM-01Y,11-Mar-2011,03:54:57,11-Mar-2011,11:54:57,3.08,3.18,3.2,CNSB 3.20 20-Dec,0,CND100003D61,3.08,3.18
AMBMGRM-01Y,11-Mar-2011,09:38:20,11-Mar-2011,17:38:20,3.08,3.18,3.2,CNSB 3.20 20-Dec,0,CND100003D61,3.08,3.18
AMBMGRM-01Y,11-Mar-2011,09:38:20,11-Mar-2011,17:38:20,3.08,3.18,0.0,CNSB 3.20 20-Dec,0,CND100003D61,3.08,3.18
AMBMGRM-01Y,11-Mar-2011,09:38:21,11-Mar-2011,17:38:21,3.08,3.18,3.2,CNSB  ,0,CND100003D61,3.08,3.18
AMBMGRM-01Y,11-Mar-2011,09:38:21,11-Mar-2011,17:38:21,3.08,3.18,3.2,CNSB 3.20 20-Dec,0,CND100003D61,3.08,3.18
AMBMGRM-01Y,14-Mar-2011,07:51:56,14-Mar-2011,15:51:56,3.08,3.18,3.2,CNSB 3.20 20-Dec,0,CND100003D61,3.08,3.18
AMBMGRM-01Y,14-Mar-2011,09:17:13,14-Mar-2011,17:17:13,3.08,3.18,3.2,CNSB 3.20 20-Dec,0,CND100003D61,3.08,3.18
AMBMGRM-01Y,14-Mar-2011,09:17:13,14-Mar-2011,17:17:13,3.08,3.18,3.2,CNSB 3.20 20-Dec,0,CND100003D61,3.08,3.18
AMBMGRM-01Y,14-Mar-2011,09:17:13,14-Mar-2011,17:17:13,3.08,3.18,3.2,CNSB 3.20 20-Dec,0,CND100003D61,3.08,3.18
AMBMGRM-01Y,14-Mar-2011,09:17:13,14-Mar-2011,17:17:13,3.08,3.18,3.2,CNSB 3.20 20-Dec,0,CND100003D61,3.08,3.18
AMBMGRM-01Y,14-Mar-2011,09:24:55,14-Mar-2011,17:24:55,3.08,3.2,3.2,CNSB 3.20 20-Dec,0,CND100003D61,3.08,3.2
AMBMGRM-01Y,14-Mar-2011,09:24:57,14-Mar-2011,17:24:57,3.1,3.2,3.2,CNSB 3.20 20-Dec,0,CND100003D61,3.1,3.2
AMBMGRM-01Y,15-Mar-2011,08:52:19,15-Mar-2011,16:52:19,3.1,3.2,3.2,CNSB 3.20 20-Dec,0,CND100003D61,3.1,3.2
AMBMGRM-01Y,15-Mar-2011,08:52:19,15-Mar-2011,16:52:19,3.1,3.2,3.2,CNSB 3.20 20-Dec,0,CND100003D61,3.1,3.2
AMBMGRM-01Y,15-Mar-2011,08:52:19,15-Mar-2011,16:52:19,3.1,3.2,3.2,CNSB 3.20 20-Dec,0,CND100003D61,3.1,3.2
AMBMGRM-01Y,15-Mar-2011,08:52:19,15-Mar-2011,16:52:19,3.1,3.2,3.2,CNSB 3.20 20-Dec,0,CND100003D61,3.1,3.2
AMBMGRM-01Y,16-Mar-2011,09:15:52,16-Mar-2011,17:15:52,3.1,3.2,3.2,CNSB 3.20 20-Dec,0,CND100003D61,3.1,3.2
AMBMGRM-01Y,16-Mar-2011,09:15:52,16-Mar-2011,17:15:52,3.1,3.2,3.2,CNSB 3.20 20-Dec,0,CND100003D61,3.1,3.2
AMBMGRM-01Y,16-Mar-2011,09:15:52,16-Mar-2011,17:15:52,3.1,3.2,3.2,CNSB 3.20 20-Dec,0,CND100003D61,3.1,3.2
AMBMGRM-01Y,16-Mar-2011,09:15:52,16-Mar-2011,17:15:52,3.1,3.2,3.2,CNSB 3.20 20-Dec,0,CND100003D61,3.1,3.2
AMBMGRM-01Y,17-Mar-2011,08:59:07,17-Mar-2011,16:59:07,3.1,3.2,3.2,CNSB 3.20 20-Dec,0,CND100003D61,3.1,3.2
AMBMGRM-01Y,17-Mar-2011,08:59:07,17-Mar-2011,16:59:07,3.1,3.2,3.2,CNSB 3.20 20-Dec,0,CND100003D61,3.1,3.2
AMBMGRM-01Y,17-Mar-2011,08:59:08,17-Mar-2011,16:59:08,3.1,3.2,3.2,CNSB 3.20 20-Dec,0,CND100003D61,3.1,3.2
AMBMGRM-01Y,17-Mar-2011,09:01:15,17-Mar-2011,17:01:15,3.1,3.21,3.2,CNSB 3.20 20-Dec,0,CND100003D61,3.1,3.21
AMBMGRM-01Y,17-Mar-2011,09:01:17,17-Mar-2011,17:01:17,3.11,3.21,3.2,CNSB 3.20 20-Dec,0,CND100003D61,3.11,3.21
AMBMGRM-01Y,17-Mar-2011,18:00:45,18-Mar-2011,02:00:45,3.11,3.21,3.2,CNSB 3.20 20-Dec,0,CND100003D61,3.11,3.21
AMBMGRM-01Y,17-Mar-2011,23:57:35,18-Mar-2011,07:57:35,3.11,3.21,3.2,CNSB 3.20 20-Dec,0,CND100003D61,3.11,3.21
AMBMGRM-01Y,21-Mar-2011,08:55:41,21-Mar-2011,16:55:41,3.11,3.21,3.2,CNSB 3.20 20-Dec,0,CND100003D61,3.11,3.21
AMBMGRM-01Y,21-Mar-2011,08:55:42,21-Mar-2011,16:55:42,3.11,3.21,3.2,CNSB 3.20 20-Dec,0,CND100003D61,3.11,3.21
AMBMGRM-01Y,21-Mar-2011,08:55:42,21-Mar-2011,16:55:42,3.11,3.21,3.2,CNSB 3.20 20-Dec,0,CND100003D61,3.11,3.21
AMBMGRM-01Y,21-Mar-2011,08:55:42,21-Mar-2011,16:55:42,3.11,3.21,3.2,CNSB 3.20 20-Dec,0,CND100003D61,3.11,3.21
AMBMGRM-01Y,21-Mar-2011,08:58:14,21-Mar-2011,16:58:14,3.11,3.22,3.2,CNSB 3.20 20-Dec,0,CND100003D61,3.11,3.22
AMBMGRM-01Y,21-Mar-2011,08:58:17,21-Mar-2011,16:58:17,3.12,3.22,3.2,CNSB 3.20 20-Dec,0,CND100003D61,3.12,3.22
AMBMGRM-01Y,22-Mar-2011,10:20:29,22-Mar-2011,18:20:29,3.12,3.21,3.2,CNSB 3.20 20-Dec,0,CND100003D61,3.12,3.21
AMBMGRM-01Y,22-Mar-2011,10:20:31,22-Mar-2011,18:20:31,3.11,3.21,3.2,CNSB 3.20 20-Dec,0,CND100003D61,3.11,3.21
AMBMGRM-01Y,23-Mar-2011,09:13:12,23-Mar-2011,17:13:12,3.11,3.21,3.2,CNSB 3.20 20-Dec,0,CND100003D61,3.11,3.21
AMBMGRM-01Y,23-Mar-2011,09:13:12,23-Mar-2011,17:13:12,3.11,3.21,3.2,CNSB 3.20 20-Dec,0,CND100003D61,3.11,3.21
AMBMGRM-01Y,23-Mar-2011,09:13:13,23-Mar-2011,17:13:13,3.11,3.21,3.2,CNSB 3.20 20-Dec,0,CND100003D61,3.11,3.21
AMBMGRM-01Y,23-Mar-2011,09:13:13,23-Mar-2011,17:13:13,3.11,3.21,3.2,CNSB 3.20 20-Dec,0,CND100003D61,3.11,3.21
AMBMGRM-01Y,23-Mar-2011,09:15:06,23-Mar-2011,17:15:06,3.11,3.24,3.2,CNSB 3.20 20-Dec,0,CND100003D61,3.11,3.24
AMBMGRM-01Y,23-Mar-2011,09:15:07,23-Mar-2011,17:15:07,3.14,3.24,3.2,CNSB 3.20 20-Dec,0,CND100003D61,3.14,3.24
AMBMGRM-01Y,24-Mar-2011,05:31:16,24-Mar-2011,13:31:16,3.14,3.24,3.2,CNSB 3.20 20-Dec,0,CND100003D61,3.14,3.24
AMBMGRM-01Y,24-Mar-2011,07:13:06,24-Mar-2011,15:13:06,3.14,3.24,3.2,CNSB 3.20 20-Dec,0,CND100003D61,3.14,3.24
AMBMGRM-01Y,25-Mar-2011,08:55:25,25-Mar-2011,16:55:25,3.14,3.23,3.2,CNSB 3.20 20-Dec,0,CND100003D61,3.14,3.23
AMBMGRM-01Y,25-Mar-2011,08:55:27,25-Mar-2011,16:55:27,3.13,3.23,3.2,CNSB 3.20 20-Dec,0,CND100003D61,3.13,3.23
AMBMGRM-01Y,25-Mar-2011,09:01:13,25-Mar-2011,17:01:13,3.13,3.23,3.2,CNSB 3.20 20-Dec,0,CND100003D61,3.13,3.23
AMBMGRM-01Y,25-Mar-2011,09:01:13,25-Mar-2011,17:01:13,3.13,3.23,3.2,CNSB 3.20 20-Dec,0,CND100003D61,3.13,3.23
AMBMGRM-01Y,25-Mar-2011,09:01:13,25-Mar-2011,17:01:13,3.13,3.23,3.2,CNSB 3.20 20-Dec,0,CND100003D61,3.13,3.23
AMBMGRM-01Y,25-Mar-2011,09:01:13,25-Mar-2011,17:01:13,3.13,3.23,3.2,CNSB 3.20 20-Dec,0,CND100003D61,3.13,3.23
AMBMGRM-01Y,25-Mar-2011,09:03:30,25-Mar-2011,17:03:30,3.13,3.23,3.2,CNSB 3.20 20-Dec,0,CND100003D61,3.13,3.23
AMBMGRM-01Y,25-Mar-2011,09:03:31,25-Mar-2011,17:03:31,3.13,3.23,3.2,CNSB 3.20 20-Dec,0,CND100003D61,3.13,3.23
AMBMGRM-01Y,25-Mar-2011,09:03:31,25-Mar-2011,17:03:31,3.13,3.23,3.2,CNSB 3.20 20-Dec,0,CND100003D61,3.13,3.23
AMBMGRM-01Y,25-Mar-2011,09:03:31,25-Mar-2011,17:03:31,3.13,3.23,3.2,CNSB 3.20 20-Dec,0,CND100003D61,3.13,3.23
AMBMGRM-01Y,25-Mar-2011,09:05:40,25-Mar-2011,17:05:40,3.13,3.23,3.2,CNSB 3.20 20-Dec,0,CND100003D61,3.13,3.23
AMBMGRM-01Y,28-Mar-2011,09:10:11,28-Mar-2011,17:10:11,3.13,3.23,3.2,CNSB 3.20 20-Dec,0,CND100001GV8,3.13,3.23
AMBMGRM-01Y,28-Mar-2011,09:10:11,28-Mar-2011,17:10:11,3.13,3.23,3.2,CNSB 2.05 16-Apr,0,CND100001GV8,3.13,3.23
AMBMGRM-01Y,28-Mar-2011,09:10:12,28-Mar-2011,17:10:12,3.13,3.23,2.05,CNSB 2.05 16-Apr,0,CND100001GV8,3.13,3.23
AMBMGRM-01Y,28-Mar-2011,09:10:12,28-Mar-2011,17:10:12,3.13,3.23,2.05,CNSB 2.05 16-Apr,0,CND100001GV8,3.13,3.23
AMBMGRM-01Y,28-Mar-2011,09:10:12,28-Mar-2011,17:10:12,3.13,3.23,2.05,CNSB 2.05 16-Apr,0,CND100001GV8,3.13,3.23
AMBMGRM-01Y,28-Mar-2011,09:10:12,28-Mar-2011,17:10:12,3.13,3.23,2.05,CNSB 2.05 16-Apr,0,CND100001GV8,3.13,3.23
AMBMGRM-01Y,28-Mar-2011,09:10:12,28-Mar-2011,17:10:12,3.13,3.23,2.05,CNSB 2.05 16-Apr,0,CND100001GV8,3.13,3.23
AMBMGRM-01Y,28-Mar-2011,09:10:13,28-Mar-2011,17:10:13,3.13,3.23,2.05,CNSB 2.05 16-Apr,0,CND100001GV8,3.13,3.23
AMBMGRM-01Y,28-Mar-2011,09:11:55,28-Mar-2011,17:11:55,3.13,3.25,2.05,CNSB 2.05 16-Apr,0,CND100001GV8,3.13,3.25
AMBMGRM-01Y,28-Mar-2011,09:11:55,28-Mar-2011,17:11:55,3.13,3.25,2.05,CNSB 2.05 16-Apr,0,CND100001GV8,3.13,3.25
AMBMGRM-01Y,28-Mar-2011,09:11:57,28-Mar-2011,17:11:57,3.15,3.25,2.05,CNSB 2.05 16-Apr,0,CND100001GV8,3.15,3.25
AMBMGRM-01Y,28-Mar-2011,09:11:57,28-Mar-2011,17:11:57,3.15,3.25,2.05,CNSB 2.05 16-Apr,0,CND100001GV8,3.15,3.25
AMBMGRM-01Y,29-Mar-2011,01:19:39,29-Mar-2011,09:19:39,3.15,3.25,2.05,CNSB 2.05 16-Apr,0,CND100001GV8,3.15,3.25
AMBMGRM-01Y,29-Mar-2011,01:22:28,29-Mar-2011,09:22:28,3.15,3.25,2.05,CNSB 2.05 16-Apr,0,CND100001GV8,3.15,3.25
AMBMGRM-01Y,29-Mar-2011,10:59:07,29-Mar-2011,18:59:07,3.15,3.22,2.05,CNSB 2.05 16-Apr,0,CND100001GV8,3.15,3.22
AMBMGRM-01Y,29-Mar-2011,10:59:07,29-Mar-2011,18:59:07,3.15,3.22,2.05,CNSB 2.05 16-Apr,0,CND100001GV8,3.15,3.22
AMBMGRM-01Y,29-Mar-2011,10:59:10,29-Mar-2011,18:59:10,3.12,3.22,2.05,CNSB 2.05 16-Apr,0,CND100001GV8,3.12,3.22
AMBMGRM-01Y,29-Mar-2011,10:59:10,29-Mar-2011,18:59:10,3.12,3.22,2.05,CNSB 2.05 16-Apr,0,CND100001GV8,3.12,3.22
AMBMGRM-01Y,30-Mar-2011,08:28:23,30-Mar-2011,16:28:23,3.12,3.22,2.05,CNSB 2.05 16-Apr,0,CND100001GV8,3.12,3.22
AMBMGRM-01Y,31-Mar-2011,05:48:22,31-Mar-2011,13:48:22,3.12,3.22,2.05,CNSB 2.05 16-Apr,0,CND100001GV8,3.12,3.22
AMBMGRM-01Y,31-Mar-2011,09:53:57,31-Mar-2011,17:53:57,3.12,3.22,2.05,CNSB 2.05 16-Apr,0,CND100001GV8,3.12,3.22
AMBMGRM-01Y,31-Mar-2011,09:53:57,31-Mar-2011,17:53:57,3.12,3.22,2.05,CNSB 2.05 16-Apr,0,CND100001GV8,3.12,3.22
AMBMGRM-01Y,31-Mar-2011,09:53:57,31-Mar-2011,17:53:57,3.12,3.22,2.05,CNSB 2.05 16-Apr,0,CND100001GV8,3.12,3.22
AMBMGRM-01Y,31-Mar-2011,09:53:57,31-Mar-2011,17:53:57,3.12,3.22,2.05,CNSB 2.05 16-Apr,0,CND100001GV8,3.12,3.22
AMBMGRM-01Y,31-Mar-2011,09:53:57,31-Mar-2011,17:53:57,3.12,3.22,2.05,CNSB 2.05 16-Apr,0,CND100001GV8,3.12,3.22
AMBMGRM-01Y,31-Mar-2011,09:53:58,31-Mar-2011,17:53:58,3.12,3.22,2.05,CNSB 2.05 16-Apr,0,CND100001GV8,3.12,3.22
AMBMGRM-01Y,31-Mar-2011,09:53:58,31-Mar-2011,17:53:58,3.12,3.22,2.05,CNSB 2.05 16-Apr,0,CND100001GV8,3.12,3.22
AMBMGRM-01Y,31-Mar-2011,09:53:58,31-Mar-2011,17:53:58,3.12,3.22,2.05,CNSB 2.05 16-Apr,0,CND100001GV8,3.12,3.22
AMBMGRM-01Y,31-Mar-2011,18:00:34,01-Apr-2011,02:00:34,3.12,3.22,2.05,CNSB 2.05 16-Apr,0,CND100001GV8,3.12,3.22
AMBMGRM-01Y,01-Apr-2011,01:34:24,01-Apr-2011,09:34:24,3.12,3.22,2.05,CNSB 2.05 16-Apr,0,CND100001GV8,3.12,3.22
AMBMGRM-01Y,01-Apr-2011,01:52:04,01-Apr-2011,09:52:04,3.12,3.22,2.05,CNSB 2.05 16-Apr,0,CND100001GV8,3.12,3.22
AMBMGRM-01Y,01-Apr-2011,01:57:20,01-Apr-2011,09:57:20,3.12,3.22,2.05,CNSB 2.05 16-Apr,0,CND100001GV8,3.12,3.22
AMBMGRM-01Y,01-Apr-2011,02:16:28,01-Apr-2011,10:16:28,3.12,3.22,2.05,CNSB 2.05 16-Apr,0,CND100001GV8,3.12,3.22
AMBMGRM-01Y,01-Apr-2011,09:05:43,01-Apr-2011,17:05:43,3.12,3.21,2.05,CNSB 2.05 16-Apr,0,CND100001GV8,3.12,3.21
AMBMGRM-01Y,01-Apr-2011,09:05:47,01-Apr-2011,17:05:47,3.11,3.21,2.05,CNSB 2.05 16-Apr,0,CND100001GV8,3.11,3.21
AMBMGRM-01Y,04-Apr-2011,09:03:57,04-Apr-2011,17:03:57,3.11,3.21,2.05,CNSB 2.05 16-Apr,0,CND100001GV8,3.11,3.21
AMBMGRM-01Y,05-Apr-2011,07:01:29,05-Apr-2011,15:01:29,3.11,3.21,2.05,CNSB 2.05 16-Apr,0,CND100001GV8,3.11,3.21
AMBMGRM-01Y,06-Apr-2011,09:10:51,06-Apr-2011,17:10:51,3.11,3.21,2.05,CNSB 2.05 16-Apr,0,CND100001GV8,3.11,3.21
AMBMGRM-01Y,06-Apr-2011,09:10:51,06-Apr-2011,17:10:51,3.11,3.21,2.05,CNSB 2.05 16-Apr,0,CND100001GV8,3.11,3.21
AMBMGRM-01Y,06-Apr-2011,09:10:51,06-Apr-2011,17:10:51,3.11,3.21,2.05,CNSB 2.05 16-Apr,0,CND100001GV8,3.11,3.21
AMBMGRM-01Y,06-Apr-2011,09:10:51,06-Apr-2011,17:10:51,3.11,3.21,2.05,CNSB 2.05 16-Apr,0,CND100001GV8,3.11,3.21
AMBMGRM-01Y,06-Apr-2011,09:13:11,06-Apr-2011,17:13:11,3.11,3.25,2.05,CNSB 2.05 16-Apr,0,CND100001GV8,3.11,3.25
AMBMGRM-01Y,06-Apr-2011,09:13:12,06-Apr-2011,17:13:12,3.15,3.25,2.05,CNSB 2.05 16-Apr,0,CND100001GV8,3.15,3.25
AMBMGRM-01Y,07-Apr-2011,01:08:47,07-Apr-2011,09:08:47,3.15,3.25,2.05,CNSB 2.05 16-Apr,0,CND100001GV8,3.15,3.25
AMBMGRM-01Y,07-Apr-2011,09:02:23,07-Apr-2011,17:02:23,3.15,3.25,2.05,CNSB 2.05 16-Apr,0,CND100001GV8,3.15,3.25
AMBMGRM-01Y,07-Apr-2011,09:02:23,07-Apr-2011,17:02:23,3.15,3.25,2.05,CNSB 2.05 16-Apr,0,CND100001GV8,3.15,3.25
AMBMGRM-01Y,07-Apr-2011,09:02:24,07-Apr-2011,17:02:24,3.15,3.25,2.05,CNSB 2.05 16-Apr,0,CND100001GV8,3.15,3.25
AMBMGRM-01Y,07-Apr-2011,09:02:24,07-Apr-2011,17:02:24,3.15,3.25,2.05,CNSB 2.05 16-Apr,0,CND100001GV8,3.15,3.25
AMBMGRM-01Y,07-Apr-2011,09:05:15,07-Apr-2011,17:05:15,3.15,3.25,2.05,CNSB 2.05 16-Apr,0,CND100001GV8,3.15,3.25
AMBMGRM-01Y,07-Apr-2011,09:05:15,07-Apr-2011,17:05:15,3.15,3.25,2.05,CNSB 2.05 16-Apr,0,CND100001GV8,3.15,3.25
AMBMGRM-01Y,07-Apr-2011,18:00:30,08-Apr-2011,02:00:30,3.15,3.25,2.05,CNSB 2.05 16-Apr,0,CND100001GV8,3.15,3.25
AMBMGRM-01Y,08-Apr-2011,09:07:21,08-Apr-2011,17:07:21,3.15,3.25,2.05,CNSB 2.05 16-Apr,0,CND100001GV8,3.15,3.25
AMBMGRM-01Y,08-Apr-2011,09:07:22,08-Apr-2011,17:07:22,3.15,3.25,2.05,CNSB 2.05 16-Apr,0,CND100001GV8,3.15,3.25
AMBMGRM-01Y,08-Apr-2011,09:07:22,08-Apr-2011,17:07:22,3.15,3.25,2.05,CNSB 2.05 16-Apr,0,CND100001GV8,3.15,3.25
AMBMGRM-01Y,08-Apr-2011,09:07:22,08-Apr-2011,17:07:22,3.15,3.25,2.05,CNSB 2.05 16-Apr,0,CND100001GV8,3.15,3.25
AMBMGRM-01Y,08-Apr-2011,09:09:20,08-Apr-2011,17:09:20,3.15,3.25,2.05,CNSB 2.05 16-Apr,0,CND100001GV8,3.15,3.25
AMBMGRM-01Y,08-Apr-2011,09:09:22,08-Apr-2011,17:09:22,3.15,3.25,2.05,CNSB 2.05 16-Apr,0,CND100001GV8,3.15,3.25
AMBMGRM-01Y,11-Apr-2011,00:30:51,11-Apr-2011,08:30:51,3.15,3.25,2.05,CNSB 2.05 16-Apr,0,CND100001GV8,3.15,3.25
AMBMGRM-01Y,11-Apr-2011,10:38:15,11-Apr-2011,18:38:15,3.15,3.25,2.05,CNSB 2.05 16-Apr,0,CND100001GV8,3.15,3.25
AMBMGRM-01Y,11-Apr-2011,10:38:15,11-Apr-2011,18:38:15,3.15,3.25,2.05,CNSB 2.05 16-Apr,0,CND100001GV8,3.15,3.25
AMBMGRM-01Y,11-Apr-2011,10:38:16,11-Apr-2011,18:38:16,3.15,3.25,2.05,CNSB 2.05 16-Apr,0,CND100001GV8,3.15,3.25
AMBMGRM-01Y,11-Apr-2011,10:38:16,11-Apr-2011,18:38:16,3.15,3.25,2.05,CNSB 2.05 16-Apr,0,CND100001GV8,3.15,3.25
AMBMGRM-01Y,11-Apr-2011,10:40:03,11-Apr-2011,18:40:03,3.15,3.24,2.05,CNSB 2.05 16-Apr,0,CND100001GV8,3.15,3.24
AMBMGRM-01Y,11-Apr-2011,10:40:05,11-Apr-2011,18:40:05,3.14,3.24,2.05,CNSB 2.05 16-Apr,0,CND100001GV8,3.14,3.24
AMBMGRM-01Y,12-Apr-2011,02:18:04,12-Apr-2011,10:18:04,3.14,3.24,2.05,CNSB 2.05 16-Apr,0,CND100001GV8,3.14,3.24
AMBMGRM-01Y,12-Apr-2011,09:28:26,12-Apr-2011,17:28:26,3.14,3.23,2.05,CNSB 2.05 16-Apr,0,CND100001GV8,3.14,3.23
AMBMGRM-01Y,12-Apr-2011,09:28:29,12-Apr-2011,17:28:29,3.13,3.23,2.05,CNSB 2.05 16-Apr,0,CND100001GV8,3.13,3.23
AMBMGRM-01Y,14-Apr-2011,08:40:05,14-Apr-2011,16:40:05,3.13,3.23,2.05,CNSB 2.05 16-Apr,0,CND100001GV8,3.13,3.23
AMBMGRM-01Y,14-Apr-2011,09:35:02,14-Apr-2011,17:35:02,3.13,3.24,2.05,CNSB 2.05 16-Apr,0,CND100001GV8,3.13,3.24
AMBMGRM-01Y,14-Apr-2011,09:35:04,14-Apr-2011,17:35:04,3.14,3.24,2.05,CNSB 2.05 16-Apr,0,CND100001GV8,3.14,3.24
AMBMGRM-01Y,18-Apr-2011,10:40:35,18-Apr-2011,18:40:35,3.14,3.24,2.05,CNSB 2.05 16-Apr,0,CND100001GV8,3.14,3.24
AMBMGRM-01Y,18-Apr-2011,10:40:35,18-Apr-2011,18:40:35,3.14,3.24,2.05,CNSB 2.05 16-Apr,0,CND100001GV8,3.14,3.24
AMBMGRM-01Y,18-Apr-2011,10:40:35,18-Apr-2011,18:40:35,3.14,3.24,2.05,CNSB 2.05 16-Apr,0,CND100001GV8,3.14,3.24
AMBMGRM-01Y,18-Apr-2011,10:40:35,18-Apr-2011,18:40:35,3.14,3.24,2.05,CNSB 2.05 16-Apr,0,CND100001GV8,3.14,3.24
AMBMGRM-01Y,19-Apr-2011,11:00:48,19-Apr-2011,19:00:48,3.14,3.25,2.05,CNSB 2.05 16-Apr,0,CND100001GV8,3.14,3.25
AMBMGRM-01Y,19-Apr-2011,11:00:50,19-Apr-2011,19:00:50,3.15,3.25,2.05,CNSB 2.05 16-Apr,0,CND100001GV8,3.15,3.25
AMBMGRM-01Y,21-Apr-2011,06:25:17,21-Apr-2011,14:25:17,3.15,3.25,2.05,CNSB 2.05 16-Apr,0,CND100001GV8,3.15,3.25
AMBMGRM-01Y,25-Apr-2011,06:33:39,25-Apr-2011,14:33:39,3.15,3.25,2.05,CNSB 2.05 16-Apr,0,CND100001GV8,3.15,3.25
AMBMGRM-01Y,25-Apr-2011,09:16:17,25-Apr-2011,17:16:17,3.15,3.25,2.05,CNSB 2.05 16-Apr,0,CND100001GV8,3.15,3.25
AMBMGRM-01Y,25-Apr-2011,09:16:17,25-Apr-2011,17:16:17,3.15,3.25,2.05,CNSB 2.05 16-Apr,0,CND100001GV8,3.15,3.25
AMBMGRM-01Y,25-Apr-2011,09:16:18,25-Apr-2011,17:16:18,3.15,3.25,2.05,CNSB 2.05 16-Apr,0,CND100001GV8,3.15,3.25
AMBMGRM-01Y,25-Apr-2011,09:16:18,25-Apr-2011,17:16:18,3.15,3.25,2.05,CNSB 2.05 16-Apr,0,CND100001GV8,3.15,3.25
AMBMGRM-01Y,25-Apr-2011,09:55:52,25-Apr-2011,17:55:52,3.15,3.25,2.05,CNSB 2.05 16-Apr,0,CND100001GV8,3.15,3.25
AMBMGRM-01Y,29-Apr-2011,02:04:56,29-Apr-2011,10:04:56,3.15,3.25,2.05,CNSB 2.05 16-Apr,0,CND100001GV8,3.15,3.25
AMBMGRM-01Y,29-Apr-2011,02:05:13,29-Apr-2011,10:05:13,3.15,3.25,2.05,CNSB 2.05 16-Apr,0,CND100001GV8,3.15,3.25
AMBMGRM-01Y,02-May-2011,06:56:51,02-May-2011,14:56:51,3.15,3.25,2.05,CNSB 2.05 16-Apr,0,CND100001GV8,3.15,3.25
AMBMGRM-01Y,03-May-2011,01:42:02,03-May-2011,09:42:02,3.15,3.25,2.05,CNSB 2.05 16-Apr,0,CND100001GV8,3.15,3.25
AMBMGRM-01Y,03-May-2011,10:19:30,03-May-2011,18:19:30,3.15,3.25,2.05,CNSB  ,0,CND100001GV8,3.15,3.25
AMBMGRM-01Y,03-May-2011,10:19:33,03-May-2011,18:19:33,3.15,3.25,0.0,CNSB 2.05 16-Apr,0,CND100001GV8,3.15,3.25
AMBMGRM-01Y,03-May-2011,10:19:34,03-May-2011,18:19:34,3.15,3.25,2.05,CNSB 2.05 16-Apr,0,CND100001GV8,3.15,3.25
AMBMGRM-01Y,03-May-2011,10:19:34,03-May-2011,18:19:34,3.15,3.25,2.05,CNSB 2.05 16-Apr,0,CND100001GV8,3.15,3.25
AMBMGRM-01Y,03-May-2011,10:20:50,03-May-2011,18:20:50,3.15,3.4,2.05,CNSB 2.05 16-Apr,0,CND100001GV8,3.15,3.4
AMBMGRM-01Y,03-May-2011,10:22:12,03-May-2011,18:22:12,3.15,3.47,2.05,CNSB 2.05 16-Apr,0,CND100001GV8,3.15,3.47
AMBMGRM-01Y,03-May-2011,10:22:15,03-May-2011,18:22:15,3.37,3.47,2.05,CNSB 2.05 16-Apr,0,CND100001GV8,3.37,3.47
AMBMGRM-01Y,04-May-2011,08:45:27,04-May-2011,16:45:27,3.37,3.46,2.05,CNSB 2.05 16-Apr,0,CND100001GV8,3.37,3.46
AMBMGRM-01Y,04-May-2011,08:45:29,04-May-2011,16:45:29,3.36,3.46,2.05,CNSB 2.05 16-Apr,0,CND100001GV8,3.36,3.46
AMBMGRM-01Y,05-May-2011,04:50:27,05-May-2011,12:50:27,3.36,3.46,2.05,CNSB 2.05 16-Apr,0,CND100001GV8,3.36,3.46
AMBMGRM-01Y,05-May-2011,07:39:17,05-May-2011,15:39:17,3.36,3.46,2.05,CNSB 2.05 16-Apr,0,CND100001GV8,3.36,3.46
AMBMGRM-01Y,05-May-2011,09:20:17,05-May-2011,17:20:17,3.36,3.46,2.05,CNSB 2.05 16-Apr,0,CND100001GV8,3.36,3.46
AMBMGRM-01Y,05-May-2011,09:21:30,05-May-2011,17:21:30,3.36,3.47,2.05,CNSB 2.05 16-Apr,0,CND100001GV8,3.36,3.47
AMBMGRM-01Y,05-May-2011,09:21:34,05-May-2011,17:21:34,3.37,3.47,2.05,CNSB 2.05 16-Apr,0,CND100001GV8,3.37,3.47
AMBMGRM-01Y,06-May-2011,09:20:46,06-May-2011,17:20:46,3.37,3.47,2.05,CNSB 2.05 16-Apr,0,CND100001GV8,3.37,3.47
AMBMGRM-01Y,06-May-2011,09:25:12,06-May-2011,17:25:12,3.37,3.46,2.05,CNSB 2.05 16-Apr,0,CND100001GV8,3.37,3.46
AMBMGRM-01Y,06-May-2011,09:25:16,06-May-2011,17:25:16,3.36,3.46,2.05,CNSB 2.05 16-Apr,0,CND100001GV8,3.36,3.46
AMBMGRM-01Y,09-May-2011,11:01:58,09-May-2011,19:01:58,3.36,3.46,2.05,CNSB 2.05 16-Apr,0,CND100001GV8,3.36,3.46
AMBMGRM-01Y,10-May-2011,09:53:46,10-May-2011,17:53:46,3.36,3.45,2.05,CNSB 2.05 16-Apr,0,CND100001GV8,3.36,3.45
AMBMGRM-01Y,10-May-2011,09:53:48,10-May-2011,17:53:48,3.35,3.45,2.05,CNSB 2.05 16-Apr,0,CND100001GV8,3.35,3.45
AMBMGRM-01Y,11-May-2011,10:35:33,11-May-2011,18:35:33,3.35,3.46,2.05,CNSB 2.05 16-Apr,0,CND100001GV8,3.35,3.46
AMBMGRM-01Y,11-May-2011,10:35:37,11-May-2011,18:35:37,3.36,3.46,2.05,CNSB 2.05 16-Apr,0,CND100001GV8,3.36,3.46
AMBMGRM-01Y,12-May-2011,09:31:17,12-May-2011,17:31:17,3.36,3.45,2.05,CNSB 2.05 16-Apr,0,CND100001GV8,3.36,3.45
AMBMGRM-01Y,12-May-2011,09:31:19,12-May-2011,17:31:19,3.35,3.45,2.05,CNSB 2.05 16-Apr,0,CND100001GV8,3.35,3.45
AMBMGRM-01Y,12-May-2011,18:00:41,13-May-2011,02:00:41,3.35,3.45,2.05,CNSB 2.05 16-Apr,0,CND100001GV8,3.35,3.45
AMBMGRM-01Y,16-May-2011,09:55:37,16-May-2011,17:55:37,3.35,3.45,2.12,CNSB 2.12 26-Jun,0,CND100001PP1,3.35,3.45
AMBMGRM-01Y,16-May-2011,09:58:31,16-May-2011,17:58:31,3.35,3.47,2.12,CNSB 2.12 26-Jun,0,CND100001PP1,3.35,3.47
AMBMGRM-01Y,16-May-2011,09:58:33,16-May-2011,17:58:33,3.37,3.47,2.12,CNSB 2.12 26-Jun,0,CND100001PP1,3.37,3.47
AMBMGRM-01Y,18-May-2011,02:04:04,18-May-2011,10:04:04,3.37,3.47,2.12,CNSB 2.12 26-Jun,0,CND100001PP1,3.37,3.47
AMBMGRM-01Y,18-May-2011,06:35:20,18-May-2011,14:35:20,3.37,3.47,2.12,CNSB 2.12 26-Jun,0,CND100001PP1,3.37,3.47
AMBMGRM-01Y,19-May-2011,05:51:00,19-May-2011,13:51:00,3.37,3.47,2.12,CNSB 2.12 26-Jun,0,CND100001PP1,3.37,3.47
AMBMGRM-01Y,19-May-2011,10:00:17,19-May-2011,18:00:17,3.37,3.48,2.12,CNSB 2.12 26-Jun,0,CND100001PP1,3.37,3.48
AMBMGRM-01Y,19-May-2011,10:00:21,19-May-2011,18:00:21,3.38,3.48,2.12,CNSB 2.12 26-Jun,0,CND100001PP1,3.38,3.48
AMBMGRM-01Y,20-May-2011,02:41:53,20-May-2011,10:41:53,3.38,3.48,2.12,CNSB 2.12 26-Jun,0,CND100001PP1,3.38,3.48
AMBMGRM-01Y,20-May-2011,03:06:20,20-May-2011,11:06:20,3.38,3.48,2.12,CNSB 2.12 26-Jun,0,CND100001PP1,3.38,3.48
AMBMGRM-01Y,20-May-2011,03:13:18,20-May-2011,11:13:18,3.38,3.48,2.12,CNSB 2.12 26-Jun,0,CND100001PP1,3.38,3.48
AMBMGRM-01Y,23-May-2011,09:31:58,23-May-2011,17:31:58,3.38,3.48,2.12,CNSB 2.12 26-Jun,0,CND100001PP1,3.38,3.48
AMBMGRM-01Y,24-May-2011,09:12:15,24-May-2011,17:12:15,3.38,3.5,2.12,CNSB 2.12 26-Jun,0,CND100001PP1,3.38,3.5
AMBMGRM-01Y,24-May-2011,09:12:18,24-May-2011,17:12:18,3.4,3.5,2.12,CNSB 2.12 26-Jun,0,CND100001PP1,3.4,3.5
AMBMGRM-01Y,25-May-2011,09:53:32,25-May-2011,17:53:32,3.4,3.5,2.12,CNSB 2.12 26-Jun,0,CND100001PP1,3.4,3.5
AMBMGRM-01Y,26-May-2011,06:00:47,26-May-2011,14:00:47,3.4,3.5,2.12,CNSB 2.12 26-Jun,0,CND100001PP1,3.4,3.5
AMBMGRM-01Y,26-May-2011,08:23:40,26-May-2011,16:23:40,3.4,3.5,2.12,CNSB 2.12 26-Jun,0,CND100001PP1,3.4,3.5
AMBMGRM-01Y,26-May-2011,18:01:02,27-May-2011,02:01:02,3.4,3.5,2.12,CNSB 2.12 26-Jun,0,CND100001PP1,3.4,3.5
AMBMGRM-01Y,30-May-2011,02:18:42,30-May-2011,10:18:42,3.4,3.5,2.12,CNSB 2.12 26-Jun,0,CND100001PP1,3.4,3.5
AMBMGRM-01Y,31-May-2011,08:42:51,31-May-2011,16:42:51,3.4,3.5,2.12,CNSB 2.12 26-Jun,0,CND100001PP1,3.4,3.5
AMBMGRM-01Y,01-Jun-2011,08:34:44,01-Jun-2011,16:34:44,3.4,3.54,2.12,CNSB 2.12 26-Jun,0,CND100001PP1,3.4,3.54
AMBMGRM-01Y,01-Jun-2011,08:34:48,01-Jun-2011,16:34:48,3.44,3.54,2.12,CNSB 2.12 26-Jun,0,CND100001PP1,3.44,3.54
AMBMGRM-01Y,01-Jun-2011,13:13:21,01-Jun-2011,21:13:21,3.44,3.54,2.12,CNSB 2.12 26-Jun,0,CND100001PP1,3.44,3.54
AMBMGRM-01Y,02-Jun-2011,06:36:36,02-Jun-2011,14:36:36,3.44,3.54,2.12,CNSB 2.12 26-Jun,0,CND100001PP1,3.44,3.54
AMBMGRM-01Y,02-Jun-2011,06:36:57,02-Jun-2011,14:36:57,3.44,3.54,2.12,CNSB 2.12 26-Jun,0,CND100001PP1,3.44,3.54
AMBMGRM-01Y,03-Jun-2011,06:48:20,03-Jun-2011,14:48:20,3.44,3.54,2.12,CNSB 2.12 26-Jun,0,CND100001PP1,3.44,3.54
AMBMGRM-01Y,03-Jun-2011,06:48:38,03-Jun-2011,14:48:38,3.44,3.54,2.12,CNSB 2.12 26-Jun,0,CND100001PP1,3.44,3.54
AMBMGRM-01Y,03-Jun-2011,09:21:56,03-Jun-2011,17:21:56,3.44,3.55,2.12,CNSB 2.12 26-Jun,0,CND100001PP1,3.44,3.55
AMBMGRM-01Y,03-Jun-2011,09:21:58,03-Jun-2011,17:21:58,3.45,3.55,2.12,CNSB 2.12 26-Jun,0,CND100001PP1,3.45,3.55
AMBMGRM-01Y,06-Jun-2011,02:50:51,06-Jun-2011,10:50:51,3.45,3.55,2.12,CNSB 2.12 26-Jun,0,CND100001PP1,3.45,3.55
AMBMGRM-01Y,07-Jun-2011,09:05:09,07-Jun-2011,17:05:09,3.45,3.55,2.12,CNSB 2.12 26-Jun,0,CND100001PP1,3.45,3.55
AMBMGRM-01Y,07-Jun-2011,09:09:20,07-Jun-2011,17:09:20,3.45,3.58,2.12,CNSB 2.12 26-Jun,0,CND100001PP1,3.45,3.58
AMBMGRM-01Y,07-Jun-2011,09:09:22,07-Jun-2011,17:09:22,3.48,3.58,2.12,CNSB 2.12 26-Jun,0,CND100001PP1,3.48,3.58
AMBMGRM-01Y,07-Jun-2011,17:04:41,08-Jun-2011,01:04:41,3.48,3.58,2.12,CNSB 2.12 26-Jun,0,CND100001PP1,3.48,3.58
AMBMGRM-01Y,08-Jun-2011,04:42:17,08-Jun-2011,12:42:17,3.48,3.58,2.12,CNSB 2.12 26-Jun,0,CND100001PP1,3.48,3.58
AMBMGRM-01Y,08-Jun-2011,04:42:47,08-Jun-2011,12:42:47,3.48,3.58,2.12,CNSB 2.12 26-Jun,0,CND100001PP1,3.48,3.58
AMBMGRM-01Y,08-Jun-2011,08:23:45,08-Jun-2011,16:23:45,3.48,3.58,2.12,CNSB 2.12 26-Jun,0,CND100001PP1,3.48,3.58
AMBMGRM-01Y,08-Jun-2011,08:39:37,08-Jun-2011,16:39:37,3.48,3.6,2.12,CNSB 2.12 26-Jun,0,CND100001PP1,3.48,3.6
AMBMGRM-01Y,08-Jun-2011,08:39:39,08-Jun-2011,16:39:39,3.5,3.6,2.12,CNSB 2.12 26-Jun,0,CND100001PP1,3.5,3.6
AMBMGRM-01Y,09-Jun-2011,01:49:19,09-Jun-2011,09:49:19,3.5,3.6,2.12,CNSB 2.12 26-Jun,0,CND100001PP1,3.5,3.6
AMBMGRM-01Y,09-Jun-2011,03:23:51,09-Jun-2011,11:23:51,3.5,3.6,2.12,CNSB 2.12 26-Jun,0,CND100001PP1,3.5,3.6
AMBMGRM-01Y,10-Jun-2011,09:45:54,10-Jun-2011,17:45:54,3.5,3.65,2.12,CNSB 2.12 26-Jun,0,CND100001PP1,3.5,3.65
AMBMGRM-01Y,10-Jun-2011,09:45:57,10-Jun-2011,17:45:57,3.55,3.65,2.12,CNSB 2.12 26-Jun,0,CND100001PP1,3.55,3.65
AMBMGRM-01Y,13-Jun-2011,08:44:48,13-Jun-2011,16:44:48,3.55,3.65,2.12,CNSB 2.12 26-Jun,0,CND100001PP1,3.55,3.65
AMBMGRM-01Y,14-Jun-2011,09:00:29,14-Jun-2011,17:00:29,3.55,3.65,2.12,CNSB 2.12 26-Jun,0,CND100001PP1,3.55,3.65
AMBMGRM-01Y,14-Jun-2011,09:27:20,14-Jun-2011,17:27:20,3.55,3.7,2.12,CNSB 2.12 26-Jun,0,CND100001PP1,3.55,3.7
AMBMGRM-01Y,14-Jun-2011,09:27:21,14-Jun-2011,17:27:21,3.6,3.7,2.12,CNSB 2.12 26-Jun,0,CND100001PP1,3.6,3.7
AMBMGRM-01Y,20-Jun-2011,02:45:13,20-Jun-2011,10:45:13,3.75,3.85,2.12,CNSB 2.12 26-Jun,0,CND100001PP1,3.75,3.85
AMBMGRM-01Y,20-Jun-2011,09:09:34,20-Jun-2011,17:09:34,3.75,3.85,2.12,CNSB 2.12 26-Jun,0,CND100001PP1,3.75,3.85
AMBMGRM-01Y,21-Jun-2011,08:52:00,21-Jun-2011,16:52:00,3.75,3.95,2.12,CNSB 2.12 26-Jun,0,CND100001PP1,3.75,3.95
AMBMGRM-01Y,21-Jun-2011,08:52:02,21-Jun-2011,16:52:02,3.85,3.95,2.12,CNSB 2.12 26-Jun,0,CND100001PP1,3.85,3.95
AMBMGRM-01Y,23-Jun-2011,09:31:46,23-Jun-2011,17:31:46,3.85,3.96,2.12,CNSB 2.12 26-Jun,0,CND100001PP1,3.85,3.96
AMBMGRM-01Y,23-Jun-2011,09:31:49,23-Jun-2011,17:31:49,3.86,3.96,2.12,CNSB 2.12 26-Jun,0,CND100001PP1,3.86,3.96
AMBMGRM-01Y,24-Jun-2011,09:40:15,24-Jun-2011,17:40:15,3.86,4.0,2.12,CNSB 2.12 26-Jun,0,CND100001PP1,3.86,4.0
AMBMGRM-01Y,24-Jun-2011,09:40:32,24-Jun-2011,17:40:32,3.9,4.0,2.12,CNSB 2.12 26-Jun,0,CND100001PP1,3.9,4.0
AMBMGRM-01Y,27-Jun-2011,03:22:36,27-Jun-2011,11:22:36,3.9,4.0,2.12,CNSB 2.12 26-Jun,0,CND100001PP1,3.9,4.0
AMBMGRM-01Y,27-Jun-2011,06:06:42,27-Jun-2011,14:06:42,3.9,4.0,2.12,CNSB 2.12 26-Jun,0,CND100001PP1,3.9,4.0
AMBMGRM-01Y,27-Jun-2011,08:59:10,27-Jun-2011,16:59:10,3.9,4.0,2.12,CNSB 2.12 26-Jun,0,CND100001PP1,3.9,4.0
AMBMGRM-01Y,27-Jun-2011,09:02:21,27-Jun-2011,17:02:21,3.7,3.8,2.12,CNSB 2.12 26-Jun,0,CND100001PP1,3.7,3.8
AMBMGRM-01Y,28-Jun-2011,09:14:30,28-Jun-2011,17:14:30,3.7,3.8,2.12,CNSB 2.12 26-Jun,0,CND100001PP1,3.7,3.8
AMBMGRM-01Y,28-Jun-2011,09:41:40,28-Jun-2011,17:41:40,3.7,4.03,2.12,CNSB 2.12 26-Jun,0,CND100001PP1,3.7,4.03
AMBMGRM-01Y,28-Jun-2011,09:41:43,28-Jun-2011,17:41:43,3.93,4.03,2.12,CNSB 2.12 26-Jun,0,CND100001PP1,3.93,4.03
AMBMGRM-01Y,29-Jun-2011,09:16:54,29-Jun-2011,17:16:54,3.93,4.03,2.12,CNSB 2.12 26-Jun,0,CND100001PP1,3.93,4.03
AMBMGRM-01Y,30-Jun-2011,02:52:07,30-Jun-2011,10:52:07,3.93,4.03,2.12,CNSB 2.12 26-Jun,0,CND100001PP1,3.93,4.03
AMBMGRM-01Y,01-Jul-2011,09:11:40,01-Jul-2011,17:11:40,3.93,4.03,2.12,CNSB 2.12 26-Jun,0,CND100001PP1,3.93,4.03
AMBMGRM-01Y,01-Jul-2011,09:37:03,01-Jul-2011,17:37:03,3.8,3.9,2.12,CNSB 2.12 26-Jun,0,CND100001PP1,3.8,3.9
AMBMGRM-01Y,04-Jul-2011,06:03:41,04-Jul-2011,14:03:41,3.8,3.9,2.12,CNSB 2.12 26-Jun,0,CND100001PP1,3.8,3.9
AMBMGRM-01Y,04-Jul-2011,09:28:29,04-Jul-2011,17:28:29,3.8,3.9,2.12,CNSB 2.12 26-Jun,0,CND100001PP1,3.8,3.9
AMBMGRM-01Y,04-Jul-2011,09:41:12,04-Jul-2011,17:41:12,3.8,3.8,2.12,CNSB 2.12 26-Jun,0,CND100001PP1,3.8,3.8
AMBMGRM-01Y,04-Jul-2011,09:41:13,04-Jul-2011,17:41:13,3.7,3.8,2.12,CNSB 2.12 26-Jun,0,CND100001PP1,3.7,3.8
AMBMGRM-01Y,04-Jul-2011,09:41:15,04-Jul-2011,17:41:15,3.7,3.8,2.12,CNSB 2.12 26-Jun,0,CND100001PP1,3.7,3.8
AMBMGRM-01Y,05-Jul-2011,02:05:55,05-Jul-2011,10:05:55,3.7,3.8,2.12,CNSB 2.12 26-Jun,0,CND100001PP1,3.7,3.8
AMBMGRM-01Y,06-Jul-2011,00:27:46,06-Jul-2011,08:27:46,3.7,3.85,2.12,CNSB 2.12 26-Jun,0,CND100001PP1,3.7,3.85
AMBMGRM-01Y,06-Jul-2011,00:27:47,06-Jul-2011,08:27:47,3.7,3.85,2.12,CNSB 2.12 26-Jun,0,CND100001PP1,3.7,3.85
AMBMGRM-01Y,06-Jul-2011,00:27:50,06-Jul-2011,08:27:50,3.75,3.85,2.12,CNSB 2.12 26-Jun,0,CND100001PP1,3.75,3.85
AMBMGRM-01Y,06-Jul-2011,00:27:51,06-Jul-2011,08:27:51,3.75,3.85,2.12,CNSB 2.12 26-Jun,0,CND100001PP1,3.75,3.85
AMBMGRM-01Y,07-Jul-2011,06:19:55,07-Jul-2011,14:19:55,3.75,3.85,2.12,CNSB 2.12 26-Jun,0,CND100001PP1,3.75,3.85
AMBMGRM-01Y,11-Jul-2011,09:00:36,11-Jul-2011,17:00:36,3.75,3.85,2.12,CNSB 2.12 26-Jun,0,CND100001PP1,3.75,3.85
AMBMGRM-01Y,12-Jul-2011,18:09:30,13-Jul-2011,02:09:30,3.75,3.85,2.12,CNSB 2.12 26-Jun,0,CND100001PP1,3.75,3.85
AMBMGRM-01Y,13-Jul-2011,00:09:59,13-Jul-2011,08:09:59,3.75,3.85,2.12,CNSB 2.12 26-Jun,0,CND100001PP1,3.75,3.85
AMBMGRM-01Y,13-Jul-2011,09:19:20,13-Jul-2011,17:19:20,3.75,3.95,2.12,CNSB 2.12 26-Jun,0,CND100001PP1,3.75,3.95
AMBMGRM-01Y,13-Jul-2011,09:19:21,13-Jul-2011,17:19:21,3.75,3.95,2.12,CNSB 2.12 26-Jun,0,CND100001PP1,3.75,3.95
AMBMGRM-01Y,13-Jul-2011,09:19:22,13-Jul-2011,17:19:22,3.85,3.95,2.12,CNSB 2.12 26-Jun,0,CND100001PP1,3.85,3.95
AMBMGRM-01Y,13-Jul-2011,09:19:23,13-Jul-2011,17:19:23,3.85,3.95,2.12,CNSB 2.12 26-Jun,0,CND100001PP1,3.85,3.95
AMBMGRM-01Y,14-Jul-2011,08:58:19,14-Jul-2011,16:58:19,3.85,4.0,2.12,CNSB 2.12 26-Jun,0,CND100001PP1,3.85,4.0
AMBMGRM-01Y,14-Jul-2011,08:58:20,14-Jul-2011,16:58:20,3.85,4.0,2.12,CNSB 2.12 26-Jun,0,CND100001PP1,3.85,4.0
AMBMGRM-01Y,14-Jul-2011,08:58:21,14-Jul-2011,16:58:21,3.9,4.0,2.12,CNSB 2.12 26-Jun,0,CND100001PP1,3.9,4.0
AMBMGRM-01Y,14-Jul-2011,08:58:22,14-Jul-2011,16:58:22,3.9,4.0,2.12,CNSB 2.12 26-Jun,0,CND100001PP1,3.9,4.0
AMBMGRM-01Y,15-Jul-2011,08:39:19,15-Jul-2011,16:39:19,3.9,4.0,2.12,CNSB 2.12 26-Jun,0,CND100001PP1,3.9,4.0
AMBMGRM-01Y,15-Jul-2011,08:51:17,15-Jul-2011,16:51:17,3.9,4.08,2.12,CNSB 2.12 26-Jun,0,CND100001PP1,3.9,4.08
AMBMGRM-01Y,15-Jul-2011,08:51:18,15-Jul-2011,16:51:18,3.9,4.08,2.12,CNSB 2.12 26-Jun,0,CND100001PP1,3.9,4.08
AMBMGRM-01Y,15-Jul-2011,08:51:20,15-Jul-2011,16:51:20,3.98,4.08,2.12,CNSB 2.12 26-Jun,0,CND100001PP1,3.98,4.08
AMBMGRM-01Y,15-Jul-2011,08:51:21,15-Jul-2011,16:51:21,3.98,4.08,2.12,CNSB 2.12 26-Jun,0,CND100001PP1,3.98,4.08
AMBMGRM-01Y,15-Jul-2011,09:02:19,15-Jul-2011,17:02:19,3.98,4.08,2.12,CNSB 2.12 26-Jun,0,CND100001PP1,3.98,4.08
AMBMGRM-01Y,18-Jul-2011,09:06:23,18-Jul-2011,17:06:23,3.98,4.08,2.12,CNSB 2.12 26-Jun,0,CND100001PP1,3.98,4.08
AMBMGRM-01Y,18-Jul-2011,09:09:55,18-Jul-2011,17:09:55,3.98,4.1,2.12,CNSB 2.12 26-Jun,0,CND100001PP1,3.98,4.1
AMBMGRM-01Y,18-Jul-2011,09:09:56,18-Jul-2011,17:09:56,3.98,4.1,2.12,CNSB 2.12 26-Jun,0,CND100001PP1,3.98,4.1
AMBMGRM-01Y,18-Jul-2011,09:09:57,18-Jul-2011,17:09:57,4.0,4.1,2.12,CNSB 2.12 26-Jun,0,CND100001PP1,4.0,4.1
AMBMGRM-01Y,18-Jul-2011,09:09:58,18-Jul-2011,17:09:58,4.0,4.1,2.12,CNSB 2.12 26-Jun,0,CND100001PP1,4.0,4.1
AMBMGRM-01Y,20-Jul-2011,09:37:50,20-Jul-2011,17:37:50,4.0,4.12,2.12,CNSB 2.12 26-Jun,0,CND100001PP1,4.0,4.12
AMBMGRM-01Y,20-Jul-2011,09:37:51,20-Jul-2011,17:37:51,4.0,4.12,2.12,CNSB 2.12 26-Jun,0,CND100001PP1,4.0,4.12
AMBMGRM-01Y,20-Jul-2011,09:37:52,20-Jul-2011,17:37:52,4.02,4.12,2.12,CNSB 2.12 26-Jun,0,CND100001PP1,4.02,4.12
AMBMGRM-01Y,20-Jul-2011,09:37:53,20-Jul-2011,17:37:53,4.02,4.12,2.12,CNSB 2.12 26-Jun,0,CND100001PP1,4.02,4.12
AMBMGRM-01Y,21-Jul-2011,06:11:05,21-Jul-2011,14:11:05,4.02,4.12,2.12,CNSB 2.12 26-Jun,0,CND100001PP1,4.02,4.12
AMBMGRM-01Y,21-Jul-2011,06:27:13,21-Jul-2011,14:27:13,4.02,4.12,2.12,CNSB 2.12 26-Jun,0,CND100001PP1,4.02,4.12
AMBMGRM-01Y,21-Jul-2011,06:33:06,21-Jul-2011,14:33:06,4.02,4.12,2.12,CNSB 2.12 26-Jun,0,CND100001PP1,4.02,4.12
AMBMGRM-01Y,21-Jul-2011,06:37:45,21-Jul-2011,14:37:45,4.02,4.12,2.12,CNSB 2.12 26-Jun,0,CND100001PP1,4.02,4.12
AMBMGRM-01Y,21-Jul-2011,07:22:07,21-Jul-2011,15:22:07,4.02,4.12,2.12,CNSB 2.12 26-Jun,0,CND100001PP1,4.02,4.12
AMBMGRM-01Y,21-Jul-2011,09:25:15,21-Jul-2011,17:25:15,4.02,4.15,2.12,CNSB 2.12 26-Jun,0,CND100001PP1,4.02,4.15
AMBMGRM-01Y,21-Jul-2011,09:25:16,21-Jul-2011,17:25:16,4.02,4.15,2.12,CNSB 2.12 26-Jun,0,CND100001PP1,4.02,4.15
AMBMGRM-01Y,21-Jul-2011,09:25:17,21-Jul-2011,17:25:17,4.05,4.15,2.12,CNSB 2.12 26-Jun,0,CND100001PP1,4.05,4.15
AMBMGRM-01Y,21-Jul-2011,09:25:18,21-Jul-2011,17:25:18,4.05,4.15,2.12,CNSB 2.12 26-Jun,0,CND100001PP1,4.05,4.15
AMBMGRM-01Y,22-Jul-2011,00:25:56,22-Jul-2011,08:25:56,4.05,4.15,2.12,CNSB 2.12 26-Jun,0,CND100001PP1,4.05,4.15
AMBMGRM-01Y,22-Jul-2011,00:32:21,22-Jul-2011,08:32:21,4.05,4.15,2.12,CNSB 2.12 26-Jun,0,CND100001PP1,4.05,4.15
AMBMGRM-01Y,26-Jul-2011,08:41:24,26-Jul-2011,16:41:24,4.18,4.4,2.12,CNSB 2.12 26-Jun,0,CND100001PP1,4.18,4.4
AMBMGRM-01Y,26-Jul-2011,08:41:26,26-Jul-2011,16:41:26,4.3,4.4,2.12,CNSB 2.12 26-Jun,0,CND100001PP1,4.3,4.4
AMBMGRM-01Y,26-Jul-2011,08:41:26,26-Jul-2011,16:41:26,4.3,4.4,2.12,CNSB 2.12 26-Jun,0,CND100001PP1,4.3,4.4
AMBMGRM-01Y,27-Jul-2011,04:47:19,27-Jul-2011,12:47:19,4.3,4.4,2.12,CNSB 2.12 26-Jun,0,CND100001PP1,4.3,4.4
AMBMGRM-01Y,27-Jul-2011,08:49:03,27-Jul-2011,16:49:03,4.3,4.4,2.12,CNSB 2.12 26-Jun,0,CND100001PP1,4.3,4.4
AMBMGRM-01Y,27-Jul-2011,08:53:02,27-Jul-2011,16:53:02,4.3,4.38,2.12,CNSB 2.12 26-Jun,0,CND100001PP1,4.3,4.38
AMBMGRM-01Y,27-Jul-2011,08:53:03,27-Jul-2011,16:53:03,4.3,4.38,2.12,CNSB 2.12 26-Jun,0,CND100001PP1,4.3,4.38
AMBMGRM-01Y,27-Jul-2011,08:53:05,27-Jul-2011,16:53:05,4.28,4.38,2.12,CNSB 2.12 26-Jun,0,CND100001PP1,4.28,4.38
AMBMGRM-01Y,27-Jul-2011,08:53:06,27-Jul-2011,16:53:06,4.28,4.38,2.12,CNSB 2.12 26-Jun,0,CND100001PP1,4.28,4.38
AMBMGRM-01Y,29-Jul-2011,02:03:17,29-Jul-2011,10:03:17,4.28,4.38,2.12,CNSB 2.12 26-Jun,0,CND100001PP1,4.28,4.38
AMBMGRM-01Y,29-Jul-2011,21:46:47,30-Jul-2011,05:46:47,4.28,4.38,2.12,CNSB 2.12 26-Jun,0,CND100001PP1,4.28,4.38
AMBMGRM-01Y,01-Aug-2011,06:31:31,01-Aug-2011,14:31:31,4.28,4.38,2.12,CNSB 2.12 26-Jun,0,CND100001PP1,4.28,4.38
AMBMGRM-01Y,01-Aug-2011,09:13:08,01-Aug-2011,17:13:08,4.28,4.38,2.75,CNSB 2.75 25-Aug,0,CND100001TL2,4.28,4.38
AMBMGRM-01Y,01-Aug-2011,09:17:30,01-Aug-2011,17:17:30,4.28,4.35,2.75,CNSB 2.75 25-Aug,0,CND100001TL2,4.28,4.35
AMBMGRM-01Y,01-Aug-2011,09:17:31,01-Aug-2011,17:17:31,4.28,4.35,2.75,CNSB 2.75 25-Aug,0,CND100001TL2,4.28,4.35
AMBMGRM-01Y,01-Aug-2011,09:17:33,01-Aug-2011,17:17:33,4.25,4.35,2.75,CNSB 2.75 25-Aug,0,CND100001TL2,4.25,4.35
AMBMGRM-01Y,01-Aug-2011,09:17:34,01-Aug-2011,17:17:34,4.25,4.35,2.75,CNSB 2.75 25-Aug,0,CND100001TL2,4.25,4.35
AMBMGRM-01Y,02-Aug-2011,04:28:41,02-Aug-2011,12:28:41,4.25,4.35,2.75,CNSB 2.75 25-Aug,0,CND100001TL2,4.25,4.35
AMBMGRM-01Y,02-Aug-2011,09:41:48,02-Aug-2011,17:41:48,4.25,4.35,2.75,CNSB 2.75 25-Aug,0,CND100001TL2,4.25,4.35
AMBMGRM-01Y,03-Aug-2011,09:14:12,03-Aug-2011,17:14:12,4.25,4.37,2.75,CNSB 2.75 25-Aug,0,CND100001TL2,4.25,4.37
AMBMGRM-01Y,03-Aug-2011,09:14:13,03-Aug-2011,17:14:13,4.25,4.37,2.75,CNSB 2.75 25-Aug,0,CND100001TL2,4.25,4.37
AMBMGRM-01Y,03-Aug-2011,09:14:14,03-Aug-2011,17:14:14,4.27,4.37,2.75,CNSB 2.75 25-Aug,0,CND100001TL2,4.27,4.37
AMBMGRM-01Y,03-Aug-2011,09:14:16,03-Aug-2011,17:14:16,4.27,4.37,2.75,CNSB 2.75 25-Aug,0,CND100001TL2,4.27,4.37
AMBMGRM-01Y,04-Aug-2011,09:44:34,04-Aug-2011,17:44:34,4.27,4.3,2.75,CNSB 2.75 25-Aug,0,CND100001TL2,4.27,4.3
AMBMGRM-01Y,04-Aug-2011,09:44:36,04-Aug-2011,17:44:36,4.2,4.3,2.75,CNSB 2.75 25-Aug,0,CND100001TL2,4.2,4.3
AMBMGRM-01Y,04-Aug-2011,09:44:37,04-Aug-2011,17:44:37,4.2,4.3,2.75,CNSB 2.75 25-Aug,0,CND100001TL2,4.2,4.3
AMBMGRM-01Y,05-Aug-2011,02:08:44,05-Aug-2011,10:08:44,4.2,4.3,2.75,CNSB 2.75 25-Aug,0,CND100001TL2,4.2,4.3
AMBMGRM-01Y,05-Aug-2011,03:44:11,05-Aug-2011,11:44:11,4.2,4.3,2.75,CNSB 2.75 25-Aug,0,CND100001TL2,4.2,4.3
AMBMGRM-01Y,05-Aug-2011,07:45:45,05-Aug-2011,15:45:45,4.2,4.3,2.75,CNSB 2.75 25-Aug,0,CND100001TL2,4.2,4.3
AMBMGRM-01Y,05-Aug-2011,09:45:05,05-Aug-2011,17:45:05,4.2,4.3,2.75,CNSB 2.75 25-Aug,0,CND100001TL2,4.2,4.3
AMBMGRM-01Y,05-Aug-2011,09:51:28,05-Aug-2011,17:51:28,4.2,4.2,2.75,CNSB 2.75 25-Aug,0,CND100001TL2,4.2,4.2
AMBMGRM-01Y,05-Aug-2011,09:51:30,05-Aug-2011,17:51:30,4.2,4.2,2.75,CNSB 2.75 25-Aug,0,CND100001TL2,4.2,4.2
AMBMGRM-01Y,05-Aug-2011,09:51:31,05-Aug-2011,17:51:31,4.1,4.2,2.75,CNSB 2.75 25-Aug,0,CND100001TL2,4.1,4.2
AMBMGRM-01Y,05-Aug-2011,09:51:33,05-Aug-2011,17:51:33,4.1,4.2,2.75,CNSB 2.75 25-Aug,0,CND100001TL2,4.1,4.2
AMBMGRM-01Y,08-Aug-2011,01:46:14,08-Aug-2011,09:46:14,4.1,4.2,2.75,CNSB 2.75 25-Aug,0,CND100001TL2,4.1,4.2
AMBMGRM-01Y,08-Aug-2011,09:37:02,08-Aug-2011,17:37:02,4.1,4.2,2.75,CNSB 2.75 25-Aug,0,CND100001TL2,4.1,4.2
AMBMGRM-01Y,08-Aug-2011,09:39:48,08-Aug-2011,17:39:48,4.1,4.1,2.75,CNSB 2.75 25-Aug,0,CND100001TL2,4.1,4.1
AMBMGRM-01Y,08-Aug-2011,09:39:49,08-Aug-2011,17:39:49,4.1,4.1,2.75,CNSB 2.75 25-Aug,0,CND100001TL2,4.1,4.1
AMBMGRM-01Y,08-Aug-2011,09:39:50,08-Aug-2011,17:39:50,4.0,4.1,2.75,CNSB 2.75 25-Aug,0,CND100001TL2,4.0,4.1
AMBMGRM-01Y,09-Aug-2011,09:35:04,09-Aug-2011,17:35:04,4.0,4.1,2.75,CNSB 2.75 25-Aug,0,CND100001TL2,4.0,4.1
AMBMGRM-01Y,10-Aug-2011,03:42:23,10-Aug-2011,11:42:23,4.0,4.1,2.75,CNSB 2.75 25-Aug,0,CND100001TL2,4.0,4.1
AMBMGRM-01Y,10-Aug-2011,09:06:03,10-Aug-2011,17:06:03,4.0,4.1,2.75,CNSB 2.75 25-Aug,0,CND100001TL2,4.0,4.1
AMBMGRM-01Y,11-Aug-2011,00:27:03,11-Aug-2011,08:27:03,4.0,4.1,2.75,CNSB 2.75 25-Aug,0,CND100001TL2,4.0,4.1
AMBMGRM-01Y,11-Aug-2011,12:34:54,11-Aug-2011,20:34:54,4.0,4.1,2.75,CNSB 2.75 25-Aug,0,CND100001TL2,4.0,4.1
AMBMGRM-01Y,12-Aug-2011,09:25:06,12-Aug-2011,17:25:06,4.0,4.1,2.75,CNSB 2.75 25-Aug,0,CND100001TL2,4.0,4.1
AMBMGRM-01Y,12-Aug-2011,09:31:42,12-Aug-2011,17:31:42,4.0,4.05,2.75,CNSB 2.75 25-Aug,0,CND100001TL2,4.0,4.05
AMBMGRM-01Y,12-Aug-2011,09:31:43,12-Aug-2011,17:31:43,4.0,4.05,2.75,CNSB 2.75 25-Aug,0,CND100001TL2,4.0,4.05
AMBMGRM-01Y,12-Aug-2011,09:31:44,12-Aug-2011,17:31:44,3.95,4.05,2.75,CNSB 2.75 25-Aug,0,CND100001TL2,3.95,4.05
AMBMGRM-01Y,12-Aug-2011,09:31:45,12-Aug-2011,17:31:45,3.95,4.05,2.75,CNSB 2.75 25-Aug,0,CND100001TL2,3.95,4.05
AMBMGRM-01Y,16-Aug-2011,08:55:07,16-Aug-2011,16:55:07,4.0,4.1,2.75,CNSB 2.75 25-Aug,0,CND100001TL2,4.0,4.1
AMBMGRM-01Y,16-Aug-2011,08:57:26,16-Aug-2011,16:57:26,4.0,4.15,2.75,CNSB 2.75 25-Aug,0,CND100001TL2,4.0,4.15
AMBMGRM-01Y,16-Aug-2011,08:57:27,16-Aug-2011,16:57:27,4.0,4.15,2.75,CNSB 2.75 25-Aug,0,CND100001TL2,4.0,4.15
AMBMGRM-01Y,16-Aug-2011,08:57:28,16-Aug-2011,16:57:28,4.05,4.15,2.75,CNSB 2.75 25-Aug,0,CND100001TL2,4.05,4.15
AMBMGRM-01Y,16-Aug-2011,08:57:29,16-Aug-2011,16:57:29,4.05,4.15,2.75,CNSB 2.75 25-Aug,0,CND100001TL2,4.05,4.15
AMBMGRM-01Y,17-Aug-2011,09:19:59,17-Aug-2011,17:19:59,4.05,4.15,2.75,CNSB 2.75 25-Aug,0,CND100001TL2,4.05,4.15
AMBMGRM-01Y,17-Aug-2011,09:21:39,17-Aug-2011,17:21:39,4.05,4.17,2.75,CNSB 2.75 25-Aug,0,CND100001TL2,4.05,4.17
AMBMGRM-01Y,17-Aug-2011,09:21:40,17-Aug-2011,17:21:40,4.05,4.17,2.75,CNSB 2.75 25-Aug,0,CND100001TL2,4.05,4.17
AMBMGRM-01Y,17-Aug-2011,09:21:41,17-Aug-2011,17:21:41,4.07,4.17,2.75,CNSB 2.75 25-Aug,0,CND100001TL2,4.07,4.17
AMBMGRM-01Y,17-Aug-2011,09:21:42,17-Aug-2011,17:21:42,4.07,4.17,2.75,CNSB 2.75 25-Aug,0,CND100001TL2,4.07,4.17
AMBMGRM-01Y,19-Aug-2011,00:46:02,19-Aug-2011,08:46:02,4.13,4.23,2.75,CNSB 2.75 25-Aug,0,CND100001TL2,4.13,4.23
AMBMGRM-01Y,19-Aug-2011,05:18:03,19-Aug-2011,13:18:03,4.13,4.23,2.75,CNSB 2.75 25-Aug,0,CND100001TL2,4.13,4.23
AMBMGRM-01Y,19-Aug-2011,05:21:13,19-Aug-2011,13:21:13,4.13,4.23,2.75,CNSB 2.75 25-Aug,0,CND100001TL2,4.13,4.23
AMBMGRM-01Y,22-Aug-2011,09:01:23,22-Aug-2011,17:01:23,4.07,4.17,2.75,CNSB 2.75 25-Aug,0,CND100001TL2,4.07,4.17
AMBMGRM-01Y,22-Aug-2011,09:09:04,22-Aug-2011,17:09:04,4.07,4.22,2.75,CNSB 2.75 25-Aug,0,CND100001TL2,4.07,4.22
AMBMGRM-01Y,22-Aug-2011,09:09:05,22-Aug-2011,17:09:05,4.07,4.22,2.75,CNSB 2.75 25-Aug,0,CND100001TL2,4.07,4.22
AMBMGRM-01Y,22-Aug-2011,09:09:08,22-Aug-2011,17:09:08,4.12,4.22,2.75,CNSB 2.75 25-Aug,0,CND100001TL2,4.12,4.22
AMBMGRM-01Y,22-Aug-2011,09:09:09,22-Aug-2011,17:09:09,4.12,4.22,2.75,CNSB 2.75 25-Aug,0,CND100001TL2,4.12,4.22
AMBMGRM-01Y,22-Aug-2011,09:52:29,22-Aug-2011,17:52:29,4.12,4.22,2.75,CNSB 2.75 25-Aug,0,CND100001TL2,4.12,4.22
AMBMGRM-01Y,22-Aug-2011,09:58:01,22-Aug-2011,17:58:01,4.12,4.22,2.75,CNSB 2.75 25-Aug,0,CND100001TL2,4.12,4.22
AMBMGRM-01Y,23-Aug-2011,00:00:35,23-Aug-2011,08:00:35,4.12,4.22,2.75,CNSB 2.75 25-Aug,0,CND100001TL2,4.12,4.22
AMBMGRM-01Y,23-Aug-2011,00:03:51,23-Aug-2011,08:03:51,4.12,4.22,2.75,CNSB 2.75 25-Aug,0,CND100001TL2,4.12,4.22
AMBMGRM-01Y,23-Aug-2011,00:17:42,23-Aug-2011,08:17:42,4.12,4.22,2.75,CNSB 2.75 25-Aug,0,CND100001TL2,4.12,4.22
AMBMGRM-01Y,23-Aug-2011,00:19:31,23-Aug-2011,08:19:31,4.12,4.22,2.75,CNSB 2.75 25-Aug,0,CND100001TL2,4.12,4.22
AMBMGRM-01Y,23-Aug-2011,00:24:45,23-Aug-2011,08:24:45,4.12,4.22,2.75,CNSB 2.75 25-Aug,0,CND100001TL2,4.12,4.22
AMBMGRM-01Y,23-Aug-2011,00:42:39,23-Aug-2011,08:42:39,4.12,4.22,2.75,CNSB 2.75 25-Aug,0,CND100001TL2,4.12,4.22
AMBMGRM-01Y,24-Aug-2011,02:43:01,24-Aug-2011,10:43:01,4.12,4.22,2.75,CNSB 2.75 25-Aug,0,CND100001TL2,4.12,4.22
AMBMGRM-01Y,24-Aug-2011,09:27:39,24-Aug-2011,17:27:39,4.12,4.35,2.75,CNSB 2.75 25-Aug,0,CND100001TL2,4.12,4.35
AMBMGRM-01Y,24-Aug-2011,09:27:40,24-Aug-2011,17:27:40,4.12,4.35,2.75,CNSB 2.75 25-Aug,0,CND100001TL2,4.12,4.35
AMBMGRM-01Y,24-Aug-2011,09:27:42,24-Aug-2011,17:27:42,4.25,4.35,2.75,CNSB 2.75 25-Aug,0,CND100001TL2,4.25,4.35
AMBMGRM-01Y,24-Aug-2011,09:27:43,24-Aug-2011,17:27:43,4.25,4.35,2.75,CNSB 2.75 25-Aug,0,CND100001TL2,4.25,4.35
AMBMGRM-01Y,26-Aug-2011,09:56:06,26-Aug-2011,17:56:06,4.25,4.4,2.75,CNSB 2.75 25-Aug,0,CND100001TL2,4.25,4.4
AMBMGRM-01Y,26-Aug-2011,09:56:06,26-Aug-2011,17:56:06,4.25,4.4,2.75,CNSB 2.75 25-Aug,0,CND100001TL2,4.25,4.4
AMBMGRM-01Y,26-Aug-2011,09:56:08,26-Aug-2011,17:56:08,4.3,4.4,2.75,CNSB 2.75 25-Aug,0,CND100001TL2,4.3,4.4
AMBMGRM-01Y,26-Aug-2011,09:56:09,26-Aug-2011,17:56:09,4.3,4.4,2.75,CNSB 2.75 25-Aug,0,CND100001TL2,4.3,4.4
AMBMGRM-01Y,30-Aug-2011,09:06:16,30-Aug-2011,17:06:16,4.42,4.57,4.09,CNSB 4.09 18-Aug,0,CND100004F35,4.42,4.57
AMBMGRM-01Y,30-Aug-2011,09:06:17,30-Aug-2011,17:06:17,4.47,4.57,4.09,CNSB 4.09 18-Aug,0,CND100004F35,4.47,4.57
AMBMGRM-01Y,30-Aug-2011,09:06:18,30-Aug-2011,17:06:18,4.47,4.57,4.09,CNSB 4.09 18-Aug,0,CND100004F35,4.47,4.57
AMBMGRM-01Y,31-Aug-2011,09:04:23,31-Aug-2011,17:04:23,4.47,4.63,4.09,CNSB 4.09 18-Aug,0,CND100004F35,4.47,4.63
AMBMGRM-01Y,31-Aug-2011,09:04:25,31-Aug-2011,17:04:25,4.47,4.63,4.09,CNSB 4.09 18-Aug,0,CND100004F35,4.47,4.63
AMBMGRM-01Y,31-Aug-2011,09:04:33,31-Aug-2011,17:04:33,4.53,4.63,4.09,CNSB 4.09 18-Aug,0,CND100004F35,4.53,4.63
AMBMGRM-01Y,31-Aug-2011,09:04:34,31-Aug-2011,17:04:34,4.53,4.63,4.09,CNSB 4.09 18-Aug,0,CND100004F35,4.53,4.63
AMBMGRM-01Y,31-Aug-2011,09:20:25,31-Aug-2011,17:20:25,4.53,4.63,4.09,CNSB 4.09 18-Aug,0,CND100004F35,4.53,4.63
AMBMGRM-01Y,01-Sep-2011,05:56:46,01-Sep-2011,13:56:46,4.53,4.63,4.09,CNSB 4.09 18-Aug,0,CND100004F35,4.53,4.63
AMBMGRM-01Y,01-Sep-2011,06:12:35,01-Sep-2011,14:12:35,4.53,4.63,4.09,CNSB 4.09 18-Aug,0,CND100004F35,4.53,4.63
AMBMGRM-01Y,02-Sep-2011,06:28:19,02-Sep-2011,14:28:19,4.5,4.6,4.09,CNSB 4.09 18-Aug,0,CND100004F35,4.5,4.6
AMBMGRM-01Y,05-Sep-2011,02:03:09,05-Sep-2011,10:03:09,4.5,4.6,4.09,CNSB 4.09 18-Aug,0,CND100004F35,4.5,4.6
AMBMGRM-01Y,05-Sep-2011,02:05:25,05-Sep-2011,10:05:25,4.5,4.6,4.09,CNSB 4.09 18-Aug,0,CND100004F35,4.5,4.6
